%YAML 1.1
%TAG !u! tag:unity3d.com,2011:
--- !u!1 &1095452930974283960
GameObject:
  m_ObjectHideFlags: 0
  m_CorrespondingSourceObject: {fileID: 0}
  m_PrefabInstance: {fileID: 0}
  m_PrefabAsset: {fileID: 0}
  serializedVersion: 6
  m_Component:
  - component: {fileID: 1095452930974283961}
  - component: {fileID: 1095452930974283958}
  - component: {fileID: 4623752276571249253}
  - component: {fileID: 6028666968487266406}
  m_Layer: 0
  m_Name: Convenction
  m_TagString: Untagged
  m_Icon: {fileID: 0}
  m_NavMeshLayer: 0
  m_StaticEditorFlags: 0
  m_IsActive: 1
--- !u!4 &1095452930974283961
Transform:
  m_ObjectHideFlags: 0
  m_CorrespondingSourceObject: {fileID: 0}
  m_PrefabInstance: {fileID: 0}
  m_PrefabAsset: {fileID: 0}
  m_GameObject: {fileID: 1095452930974283960}
  m_LocalRotation: {x: 0, y: 0, z: 0, w: 1}
  m_LocalPosition: {x: -2.5, y: 0, z: 0}
  m_LocalScale: {x: 1, y: 1, z: 1}
  m_Children:
  - {fileID: 1095452932979132264}
  m_Father: {fileID: 0}
  m_RootOrder: 0
  m_LocalEulerAnglesHint: {x: 0, y: 0, z: 0}
--- !u!65 &1095452930974283958
BoxCollider:
  m_ObjectHideFlags: 0
  m_CorrespondingSourceObject: {fileID: 0}
  m_PrefabInstance: {fileID: 0}
  m_PrefabAsset: {fileID: 0}
  m_GameObject: {fileID: 1095452930974283960}
  m_Material: {fileID: 0}
  m_IsTrigger: 0
  m_Enabled: 1
  serializedVersion: 2
  m_Size: {x: 1, y: 1, z: 0.2}
  m_Center: {x: 0, y: 0, z: 0}
--- !u!114 &4623752276571249253
MonoBehaviour:
  m_ObjectHideFlags: 0
  m_CorrespondingSourceObject: {fileID: 0}
  m_PrefabInstance: {fileID: 0}
  m_PrefabAsset: {fileID: 0}
  m_GameObject: {fileID: 1095452930974283960}
  m_Enabled: 1
  m_EditorHideFlags: 0
  m_Script: {fileID: 11500000, guid: 3d23dc3e26025af469e19373dcb72339, type: 3}
  m_Name: 
  m_EditorClassIdentifier: 
--- !u!114 &6028666968487266406
MonoBehaviour:
  m_ObjectHideFlags: 0
  m_CorrespondingSourceObject: {fileID: 0}
  m_PrefabInstance: {fileID: 0}
  m_PrefabAsset: {fileID: 0}
  m_GameObject: {fileID: 1095452930974283960}
  m_Enabled: 1
  m_EditorHideFlags: 0
  m_Script: {fileID: 11500000, guid: abcb2d42266a7f041b0300361b3a1aab, type: 3}
  m_Name: 
  m_EditorClassIdentifier: 
  IsVisibility: 1
--- !u!1 &1095452932979132267
GameObject:
  m_ObjectHideFlags: 0
  m_CorrespondingSourceObject: {fileID: 0}
  m_PrefabInstance: {fileID: 0}
  m_PrefabAsset: {fileID: 0}
  serializedVersion: 6
  m_Component:
  - component: {fileID: 1095452932979132264}
  - component: {fileID: 1095452932979132265}
  - component: {fileID: 1095452932979132262}
  m_Layer: 0
  m_Name: Arrows
  m_TagString: Untagged
  m_Icon: {fileID: 0}
  m_NavMeshLayer: 0
  m_StaticEditorFlags: 0
  m_IsActive: 1
--- !u!4 &1095452932979132264
Transform:
  m_ObjectHideFlags: 0
  m_CorrespondingSourceObject: {fileID: 0}
  m_PrefabInstance: {fileID: 0}
  m_PrefabAsset: {fileID: 0}
  m_GameObject: {fileID: 1095452932979132267}
  m_LocalRotation: {x: 0, y: 0, z: 0, w: 1}
  m_LocalPosition: {x: -0.45, y: 0, z: 0}
  m_LocalScale: {x: 0.6, y: 0.3, z: 0.3}
  m_Children:
  - {fileID: 7615376198453757087}
  - {fileID: 1095452932568588798}
  - {fileID: 7615376197114603256}
  m_Father: {fileID: 1095452930974283961}
  m_RootOrder: 0
  m_LocalEulerAnglesHint: {x: 0, y: 0, z: 0}
--- !u!95 &1095452932979132265
Animator:
  serializedVersion: 3
  m_ObjectHideFlags: 0
  m_CorrespondingSourceObject: {fileID: 0}
  m_PrefabInstance: {fileID: 0}
  m_PrefabAsset: {fileID: 0}
  m_GameObject: {fileID: 1095452932979132267}
  m_Enabled: 1
  m_Avatar: {fileID: 0}
  m_Controller: {fileID: 9100000, guid: 0ecd2593ac3eb9342947793bf40d3ee2, type: 2}
  m_CullingMode: 0
  m_UpdateMode: 0
  m_ApplyRootMotion: 0
  m_LinearVelocityBlending: 0
  m_WarningMessage: 
  m_HasTransformHierarchy: 1
  m_AllowConstantClipSamplingOptimization: 1
  m_KeepAnimatorControllerStateOnDisable: 0
--- !u!114 &1095452932979132262
MonoBehaviour:
  m_ObjectHideFlags: 0
  m_CorrespondingSourceObject: {fileID: 0}
  m_PrefabInstance: {fileID: 0}
  m_PrefabAsset: {fileID: 0}
  m_GameObject: {fileID: 1095452932979132267}
  m_Enabled: 1
  m_EditorHideFlags: 0
  m_Script: {fileID: 11500000, guid: 8d6f0f0b5a27a3a4994db62931027fd4, type: 3}
  m_Name: 
  m_EditorClassIdentifier: 
  ArrowLinePrefab: {fileID: 1914174033, guid: 4b26bca0e2d859d40a9f6d64b4013207, type: 3}
  MaxLines: 3
  Speed: 1
  EndPosition: 2.5
  StartPositoin: -2.5
  m_CurrentPosition: 0
--- !u!1001 &1095452930968552046
PrefabInstance:
  m_ObjectHideFlags: 0
  serializedVersion: 2
  m_Modification:
    m_TransformParent: {fileID: 1095452932979132264}
    m_Modifications:
    - target: {fileID: 1914174033, guid: 4b26bca0e2d859d40a9f6d64b4013207, type: 3}
      propertyPath: Speed
      value: 1
      objectReference: {fileID: 0}
    - target: {fileID: 1914174033, guid: 4b26bca0e2d859d40a9f6d64b4013207, type: 3}
      propertyPath: ParentController
      value: 
      objectReference: {fileID: 1095452932979132262}
    - target: {fileID: 137240166286523940, guid: 4b26bca0e2d859d40a9f6d64b4013207, type: 3}
      propertyPath: m_Materials.Array.data[0]
      value: 
      objectReference: {fileID: 2100000, guid: 51db954080b3dbf4395d120ff43704c0, type: 2}
    - target: {fileID: 3187368211415954518, guid: 4b26bca0e2d859d40a9f6d64b4013207, type: 3}
      propertyPath: m_Materials.Array.data[0]
      value: 
      objectReference: {fileID: 2100000, guid: 51db954080b3dbf4395d120ff43704c0, type: 2}
    - target: {fileID: 3585446514094354828, guid: 4b26bca0e2d859d40a9f6d64b4013207, type: 3}
      propertyPath: m_Materials.Array.data[0]
      value: 
      objectReference: {fileID: 2100000, guid: 51db954080b3dbf4395d120ff43704c0, type: 2}
    - target: {fileID: 7393948440867218569, guid: 4b26bca0e2d859d40a9f6d64b4013207, type: 3}
      propertyPath: m_Name
      value: Line (2)
      objectReference: {fileID: 0}
    - target: {fileID: 7393948440867218582, guid: 4b26bca0e2d859d40a9f6d64b4013207, type: 3}
      propertyPath: m_RootOrder
      value: 2
      objectReference: {fileID: 0}
    - target: {fileID: 7393948440867218582, guid: 4b26bca0e2d859d40a9f6d64b4013207, type: 3}
      propertyPath: m_LocalPosition.x
      value: 0
      objectReference: {fileID: 0}
    - target: {fileID: 7393948440867218582, guid: 4b26bca0e2d859d40a9f6d64b4013207, type: 3}
      propertyPath: m_LocalPosition.y
      value: -2.7
      objectReference: {fileID: 0}
    - target: {fileID: 7393948440867218582, guid: 4b26bca0e2d859d40a9f6d64b4013207, type: 3}
      propertyPath: m_LocalPosition.z
      value: 0
      objectReference: {fileID: 0}
    - target: {fileID: 7393948440867218582, guid: 4b26bca0e2d859d40a9f6d64b4013207, type: 3}
      propertyPath: m_LocalRotation.w
      value: 1
      objectReference: {fileID: 0}
    - target: {fileID: 7393948440867218582, guid: 4b26bca0e2d859d40a9f6d64b4013207, type: 3}
      propertyPath: m_LocalRotation.x
      value: -0
      objectReference: {fileID: 0}
    - target: {fileID: 7393948440867218582, guid: 4b26bca0e2d859d40a9f6d64b4013207, type: 3}
      propertyPath: m_LocalRotation.y
      value: -0
      objectReference: {fileID: 0}
    - target: {fileID: 7393948440867218582, guid: 4b26bca0e2d859d40a9f6d64b4013207, type: 3}
      propertyPath: m_LocalRotation.z
      value: -0
      objectReference: {fileID: 0}
    - target: {fileID: 7393948440867218582, guid: 4b26bca0e2d859d40a9f6d64b4013207, type: 3}
      propertyPath: m_LocalEulerAnglesHint.x
      value: 0
      objectReference: {fileID: 0}
    - target: {fileID: 7393948440867218582, guid: 4b26bca0e2d859d40a9f6d64b4013207, type: 3}
      propertyPath: m_LocalEulerAnglesHint.y
      value: 0
      objectReference: {fileID: 0}
    - target: {fileID: 7393948440867218582, guid: 4b26bca0e2d859d40a9f6d64b4013207, type: 3}
      propertyPath: m_LocalEulerAnglesHint.z
      value: 0
      objectReference: {fileID: 0}
    - target: {fileID: 7393948442317464291, guid: 4b26bca0e2d859d40a9f6d64b4013207, type: 3}
      propertyPath: m_Materials.Array.data[0]
      value: 
      objectReference: {fileID: 2100000, guid: 51db954080b3dbf4395d120ff43704c0, type: 2}
    m_RemovedComponents: []
  m_SourcePrefab: {fileID: 100100000, guid: 4b26bca0e2d859d40a9f6d64b4013207, type: 3}
--- !u!4 &7615376197114603256 stripped
Transform:
  m_CorrespondingSourceObject: {fileID: 7393948440867218582, guid: 4b26bca0e2d859d40a9f6d64b4013207, type: 3}
  m_PrefabInstance: {fileID: 1095452930968552046}
  m_PrefabAsset: {fileID: 0}
--- !u!1001 &1095452932314013705
PrefabInstance:
  m_ObjectHideFlags: 0
  serializedVersion: 2
  m_Modification:
    m_TransformParent: {fileID: 1095452932979132264}
    m_Modifications:
    - target: {fileID: 1914174033, guid: 4b26bca0e2d859d40a9f6d64b4013207, type: 3}
      propertyPath: Speed
      value: 1
      objectReference: {fileID: 0}
    - target: {fileID: 1914174033, guid: 4b26bca0e2d859d40a9f6d64b4013207, type: 3}
      propertyPath: ParentController
      value: 
      objectReference: {fileID: 1095452932979132262}
    - target: {fileID: 137240166286523940, guid: 4b26bca0e2d859d40a9f6d64b4013207, type: 3}
      propertyPath: m_Materials.Array.data[0]
      value: 
      objectReference: {fileID: 2100000, guid: 51db954080b3dbf4395d120ff43704c0, type: 2}
    - target: {fileID: 3187368211415954518, guid: 4b26bca0e2d859d40a9f6d64b4013207, type: 3}
      propertyPath: m_Materials.Array.data[0]
      value: 
      objectReference: {fileID: 2100000, guid: 51db954080b3dbf4395d120ff43704c0, type: 2}
    - target: {fileID: 3585446514094354828, guid: 4b26bca0e2d859d40a9f6d64b4013207, type: 3}
      propertyPath: m_Materials.Array.data[0]
      value: 
      objectReference: {fileID: 2100000, guid: 51db954080b3dbf4395d120ff43704c0, type: 2}
    - target: {fileID: 7393948440867218569, guid: 4b26bca0e2d859d40a9f6d64b4013207, type: 3}
      propertyPath: m_Name
      value: Line (3)
      objectReference: {fileID: 0}
    - target: {fileID: 7393948440867218582, guid: 4b26bca0e2d859d40a9f6d64b4013207, type: 3}
      propertyPath: m_RootOrder
      value: 0
      objectReference: {fileID: 0}
    - target: {fileID: 7393948440867218582, guid: 4b26bca0e2d859d40a9f6d64b4013207, type: 3}
      propertyPath: m_LocalPosition.x
      value: 0
      objectReference: {fileID: 0}
    - target: {fileID: 7393948440867218582, guid: 4b26bca0e2d859d40a9f6d64b4013207, type: 3}
      propertyPath: m_LocalPosition.y
      value: 0.8
      objectReference: {fileID: 0}
    - target: {fileID: 7393948440867218582, guid: 4b26bca0e2d859d40a9f6d64b4013207, type: 3}
      propertyPath: m_LocalPosition.z
      value: 0
      objectReference: {fileID: 0}
    - target: {fileID: 7393948440867218582, guid: 4b26bca0e2d859d40a9f6d64b4013207, type: 3}
      propertyPath: m_LocalRotation.w
      value: 1
      objectReference: {fileID: 0}
    - target: {fileID: 7393948440867218582, guid: 4b26bca0e2d859d40a9f6d64b4013207, type: 3}
      propertyPath: m_LocalRotation.x
      value: -0
      objectReference: {fileID: 0}
    - target: {fileID: 7393948440867218582, guid: 4b26bca0e2d859d40a9f6d64b4013207, type: 3}
      propertyPath: m_LocalRotation.y
      value: -0
      objectReference: {fileID: 0}
    - target: {fileID: 7393948440867218582, guid: 4b26bca0e2d859d40a9f6d64b4013207, type: 3}
      propertyPath: m_LocalRotation.z
      value: -0
      objectReference: {fileID: 0}
    - target: {fileID: 7393948440867218582, guid: 4b26bca0e2d859d40a9f6d64b4013207, type: 3}
      propertyPath: m_LocalEulerAnglesHint.x
      value: 0
      objectReference: {fileID: 0}
    - target: {fileID: 7393948440867218582, guid: 4b26bca0e2d859d40a9f6d64b4013207, type: 3}
      propertyPath: m_LocalEulerAnglesHint.y
      value: 0
      objectReference: {fileID: 0}
    - target: {fileID: 7393948440867218582, guid: 4b26bca0e2d859d40a9f6d64b4013207, type: 3}
      propertyPath: m_LocalEulerAnglesHint.z
      value: 0
      objectReference: {fileID: 0}
    - target: {fileID: 7393948442317464291, guid: 4b26bca0e2d859d40a9f6d64b4013207, type: 3}
      propertyPath: m_Materials.Array.data[0]
      value: 
      objectReference: {fileID: 2100000, guid: 51db954080b3dbf4395d120ff43704c0, type: 2}
    m_RemovedComponents: []
  m_SourcePrefab: {fileID: 100100000, guid: 4b26bca0e2d859d40a9f6d64b4013207, type: 3}
--- !u!4 &7615376198453757087 stripped
Transform:
  m_CorrespondingSourceObject: {fileID: 7393948440867218582, guid: 4b26bca0e2d859d40a9f6d64b4013207, type: 3}
  m_PrefabInstance: {fileID: 1095452932314013705}
  m_PrefabAsset: {fileID: 0}
--- !u!1001 &7615376197594678632
PrefabInstance:
  m_ObjectHideFlags: 0
  serializedVersion: 2
  m_Modification:
    m_TransformParent: {fileID: 1095452932979132264}
    m_Modifications:
    - target: {fileID: 1914174033, guid: 4b26bca0e2d859d40a9f6d64b4013207, type: 3}
      propertyPath: Speed
      value: 1
      objectReference: {fileID: 0}
    - target: {fileID: 1914174033, guid: 4b26bca0e2d859d40a9f6d64b4013207, type: 3}
      propertyPath: ParentController
      value: 
      objectReference: {fileID: 1095452932979132262}
    - target: {fileID: 76043727363955783, guid: 4b26bca0e2d859d40a9f6d64b4013207, type: 3}
      propertyPath: m_Color.b
      value: 0
      objectReference: {fileID: 0}
    - target: {fileID: 76043727363955783, guid: 4b26bca0e2d859d40a9f6d64b4013207, type: 3}
      propertyPath: m_Color.g
      value: 0
      objectReference: {fileID: 0}
    - target: {fileID: 76043727363955783, guid: 4b26bca0e2d859d40a9f6d64b4013207, type: 3}
      propertyPath: m_Color.r
      value: 1
      objectReference: {fileID: 0}
    - target: {fileID: 137240166286523940, guid: 4b26bca0e2d859d40a9f6d64b4013207, type: 3}
      propertyPath: m_Materials.Array.data[0]
      value: 
      objectReference: {fileID: 2100000, guid: 51db954080b3dbf4395d120ff43704c0, type: 2}
    - target: {fileID: 3187368211415954518, guid: 4b26bca0e2d859d40a9f6d64b4013207, type: 3}
      propertyPath: m_Materials.Array.data[0]
      value: 
      objectReference: {fileID: 2100000, guid: 51db954080b3dbf4395d120ff43704c0, type: 2}
    - target: {fileID: 3585446514094354828, guid: 4b26bca0e2d859d40a9f6d64b4013207, type: 3}
      propertyPath: m_Materials.Array.data[0]
      value: 
      objectReference: {fileID: 2100000, guid: 51db954080b3dbf4395d120ff43704c0, type: 2}
    - target: {fileID: 4076683965716062929, guid: 4b26bca0e2d859d40a9f6d64b4013207, type: 3}
      propertyPath: m_Color.b
      value: 0
      objectReference: {fileID: 0}
    - target: {fileID: 4076683965716062929, guid: 4b26bca0e2d859d40a9f6d64b4013207, type: 3}
      propertyPath: m_Color.g
      value: 0
      objectReference: {fileID: 0}
    - target: {fileID: 4076683965716062929, guid: 4b26bca0e2d859d40a9f6d64b4013207, type: 3}
      propertyPath: m_Color.r
      value: 1
      objectReference: {fileID: 0}
    - target: {fileID: 5548079294324678565, guid: 4b26bca0e2d859d40a9f6d64b4013207, type: 3}
      propertyPath: m_Color.b
      value: 0
      objectReference: {fileID: 0}
    - target: {fileID: 5548079294324678565, guid: 4b26bca0e2d859d40a9f6d64b4013207, type: 3}
      propertyPath: m_Color.g
      value: 0
      objectReference: {fileID: 0}
    - target: {fileID: 5548079294324678565, guid: 4b26bca0e2d859d40a9f6d64b4013207, type: 3}
      propertyPath: m_Color.r
      value: 1
      objectReference: {fileID: 0}
    - target: {fileID: 5703427862808721236, guid: 4b26bca0e2d859d40a9f6d64b4013207, type: 3}
      propertyPath: m_Color.b
      value: 0
      objectReference: {fileID: 0}
    - target: {fileID: 5703427862808721236, guid: 4b26bca0e2d859d40a9f6d64b4013207, type: 3}
      propertyPath: m_Color.g
      value: 0
      objectReference: {fileID: 0}
    - target: {fileID: 5703427862808721236, guid: 4b26bca0e2d859d40a9f6d64b4013207, type: 3}
      propertyPath: m_Color.r
      value: 1
      objectReference: {fileID: 0}
    - target: {fileID: 7393948440867218569, guid: 4b26bca0e2d859d40a9f6d64b4013207, type: 3}
      propertyPath: m_Name
      value: Line (1)
      objectReference: {fileID: 0}
    - target: {fileID: 7393948440867218582, guid: 4b26bca0e2d859d40a9f6d64b4013207, type: 3}
      propertyPath: m_RootOrder
      value: 1
      objectReference: {fileID: 0}
    - target: {fileID: 7393948440867218582, guid: 4b26bca0e2d859d40a9f6d64b4013207, type: 3}
      propertyPath: m_LocalPosition.x
      value: 0
      objectReference: {fileID: 0}
    - target: {fileID: 7393948440867218582, guid: 4b26bca0e2d859d40a9f6d64b4013207, type: 3}
      propertyPath: m_LocalPosition.y
      value: -0.95
      objectReference: {fileID: 0}
    - target: {fileID: 7393948440867218582, guid: 4b26bca0e2d859d40a9f6d64b4013207, type: 3}
      propertyPath: m_LocalPosition.z
      value: 0
      objectReference: {fileID: 0}
    - target: {fileID: 7393948440867218582, guid: 4b26bca0e2d859d40a9f6d64b4013207, type: 3}
      propertyPath: m_LocalRotation.w
      value: 1
      objectReference: {fileID: 0}
    - target: {fileID: 7393948440867218582, guid: 4b26bca0e2d859d40a9f6d64b4013207, type: 3}
      propertyPath: m_LocalRotation.x
      value: -0
      objectReference: {fileID: 0}
    - target: {fileID: 7393948440867218582, guid: 4b26bca0e2d859d40a9f6d64b4013207, type: 3}
      propertyPath: m_LocalRotation.y
      value: -0
      objectReference: {fileID: 0}
    - target: {fileID: 7393948440867218582, guid: 4b26bca0e2d859d40a9f6d64b4013207, type: 3}
      propertyPath: m_LocalRotation.z
      value: -0
      objectReference: {fileID: 0}
    - target: {fileID: 7393948440867218582, guid: 4b26bca0e2d859d40a9f6d64b4013207, type: 3}
      propertyPath: m_LocalEulerAnglesHint.x
      value: 0
      objectReference: {fileID: 0}
    - target: {fileID: 7393948440867218582, guid: 4b26bca0e2d859d40a9f6d64b4013207, type: 3}
      propertyPath: m_LocalEulerAnglesHint.y
      value: 0
      objectReference: {fileID: 0}
    - target: {fileID: 7393948440867218582, guid: 4b26bca0e2d859d40a9f6d64b4013207, type: 3}
      propertyPath: m_LocalEulerAnglesHint.z
      value: 0
      objectReference: {fileID: 0}
    - target: {fileID: 7393948442317464291, guid: 4b26bca0e2d859d40a9f6d64b4013207, type: 3}
      propertyPath: m_Materials.Array.data[0]
      value: 
      objectReference: {fileID: 2100000, guid: 51db954080b3dbf4395d120ff43704c0, type: 2}
    m_RemovedComponents: []
  m_SourcePrefab: {fileID: 100100000, guid: 4b26bca0e2d859d40a9f6d64b4013207, type: 3}
--- !u!4 &1095452932568588798 stripped
Transform:
  m_CorrespondingSourceObject: {fileID: 7393948440867218582, guid: 4b26bca0e2d859d40a9f6d64b4013207, type: 3}
  m_PrefabInstance: {fileID: 7615376197594678632}
  m_PrefabAsset: {fileID: 0}
