%YAML 1.1
%TAG !u! tag:unity3d.com,2011:
--- !u!29 &1
OcclusionCullingSettings:
  m_ObjectHideFlags: 0
  serializedVersion: 2
  m_OcclusionBakeSettings:
    smallestOccluder: 5
    smallestHole: 0.25
    backfaceThreshold: 100
  m_SceneGUID: 00000000000000000000000000000000
  m_OcclusionCullingData: {fileID: 0}
--- !u!104 &2
RenderSettings:
  m_ObjectHideFlags: 0
  serializedVersion: 9
  m_Fog: 0
  m_FogColor: {r: 0.5, g: 0.5, b: 0.5, a: 1}
  m_FogMode: 3
  m_FogDensity: 0.01
  m_LinearFogStart: 0
  m_LinearFogEnd: 300
  m_AmbientSkyColor: {r: 0.212, g: 0.227, b: 0.259, a: 1}
  m_AmbientEquatorColor: {r: 0.114, g: 0.125, b: 0.133, a: 1}
  m_AmbientGroundColor: {r: 0.047, g: 0.043, b: 0.035, a: 1}
  m_AmbientIntensity: 1
  m_AmbientMode: 3
  m_SubtractiveShadowColor: {r: 0.42, g: 0.478, b: 0.627, a: 1}
  m_SkyboxMaterial: {fileID: 0}
  m_HaloStrength: 0.5
  m_FlareStrength: 1
  m_FlareFadeSpeed: 3
  m_HaloTexture: {fileID: 0}
  m_SpotCookie: {fileID: 10001, guid: 0000000000000000e000000000000000, type: 0}
  m_DefaultReflectionMode: 0
  m_DefaultReflectionResolution: 128
  m_ReflectionBounces: 1
  m_ReflectionIntensity: 1
  m_CustomReflection: {fileID: 0}
  m_Sun: {fileID: 0}
  m_IndirectSpecularColor: {r: 0, g: 0, b: 0, a: 1}
  m_UseRadianceAmbientProbe: 0
--- !u!157 &3
LightmapSettings:
  m_ObjectHideFlags: 0
  serializedVersion: 11
  m_GIWorkflowMode: 1
  m_GISettings:
    serializedVersion: 2
    m_BounceScale: 1
    m_IndirectOutputScale: 1
    m_AlbedoBoost: 1
    m_EnvironmentLightingMode: 0
    m_EnableBakedLightmaps: 0
    m_EnableRealtimeLightmaps: 0
  m_LightmapEditorSettings:
    serializedVersion: 12
    m_Resolution: 2
    m_BakeResolution: 40
    m_AtlasSize: 1024
    m_AO: 0
    m_AOMaxDistance: 1
    m_CompAOExponent: 1
    m_CompAOExponentDirect: 0
    m_ExtractAmbientOcclusion: 0
    m_Padding: 2
    m_LightmapParameters: {fileID: 0}
    m_LightmapsBakeMode: 1
    m_TextureCompression: 1
    m_FinalGather: 0
    m_FinalGatherFiltering: 1
    m_FinalGatherRayCount: 256
    m_ReflectionCompression: 2
    m_MixedBakeMode: 2
    m_BakeBackend: 0
    m_PVRSampling: 1
    m_PVRDirectSampleCount: 32
    m_PVRSampleCount: 500
    m_PVRBounces: 2
    m_PVREnvironmentSampleCount: 500
    m_PVREnvironmentReferencePointCount: 2048
    m_PVRFilteringMode: 2
    m_PVRDenoiserTypeDirect: 0
    m_PVRDenoiserTypeIndirect: 0
    m_PVRDenoiserTypeAO: 0
    m_PVRFilterTypeDirect: 0
    m_PVRFilterTypeIndirect: 0
    m_PVRFilterTypeAO: 0
    m_PVREnvironmentMIS: 0
    m_PVRCulling: 1
    m_PVRFilteringGaussRadiusDirect: 1
    m_PVRFilteringGaussRadiusIndirect: 5
    m_PVRFilteringGaussRadiusAO: 2
    m_PVRFilteringAtrousPositionSigmaDirect: 0.5
    m_PVRFilteringAtrousPositionSigmaIndirect: 2
    m_PVRFilteringAtrousPositionSigmaAO: 1
    m_ExportTrainingData: 0
    m_TrainingDataDestination: TrainingData
    m_LightProbeSampleCountMultiplier: 4
  m_LightingDataAsset: {fileID: 0}
  m_UseShadowmask: 1
--- !u!196 &4
NavMeshSettings:
  serializedVersion: 2
  m_ObjectHideFlags: 0
  m_BuildSettings:
    serializedVersion: 2
    agentTypeID: 0
    agentRadius: 0.5
    agentHeight: 2
    agentSlope: 45
    agentClimb: 0.4
    ledgeDropHeight: 0
    maxJumpAcrossDistance: 0
    minRegionArea: 2
    manualCellSize: 0
    cellSize: 0.16666667
    manualTileSize: 0
    tileSize: 256
    accuratePlacement: 0
    debug:
      m_Flags: 0
  m_NavMeshData: {fileID: 0}
--- !u!224 &347888702 stripped
RectTransform:
  m_CorrespondingSourceObject: {fileID: 2871801023702405945, guid: fa5eff6341dc14c01be126948e177175,
    type: 3}
  m_PrefabInstance: {fileID: 2871801024046092039}
  m_PrefabAsset: {fileID: 0}
--- !u!1 &519420028
GameObject:
  m_ObjectHideFlags: 0
  m_CorrespondingSourceObject: {fileID: 0}
  m_PrefabInstance: {fileID: 0}
  m_PrefabAsset: {fileID: 0}
  serializedVersion: 6
  m_Component:
  - component: {fileID: 519420032}
  - component: {fileID: 519420031}
  - component: {fileID: 519420029}
  m_Layer: 0
  m_Name: Main Camera
  m_TagString: MainCamera
  m_Icon: {fileID: 0}
  m_NavMeshLayer: 0
  m_StaticEditorFlags: 0
  m_IsActive: 1
--- !u!81 &519420029
AudioListener:
  m_ObjectHideFlags: 0
  m_CorrespondingSourceObject: {fileID: 0}
  m_PrefabInstance: {fileID: 0}
  m_PrefabAsset: {fileID: 0}
  m_GameObject: {fileID: 519420028}
  m_Enabled: 1
--- !u!20 &519420031
Camera:
  m_ObjectHideFlags: 0
  m_CorrespondingSourceObject: {fileID: 0}
  m_PrefabInstance: {fileID: 0}
  m_PrefabAsset: {fileID: 0}
  m_GameObject: {fileID: 519420028}
  m_Enabled: 1
  serializedVersion: 2
  m_ClearFlags: 2
  m_BackGroundColor: {r: 0.19215687, g: 0.3019608, b: 0.4745098, a: 0}
  m_projectionMatrixMode: 1
  m_GateFitMode: 2
  m_FOVAxisMode: 0
  m_SensorSize: {x: 36, y: 24}
  m_LensShift: {x: 0, y: 0}
  m_FocalLength: 50
  m_NormalizedViewPortRect:
    serializedVersion: 2
    x: 0
    y: 0
    width: 1
    height: 1
  near clip plane: 0.3
  far clip plane: 1000
  field of view: 60
  orthographic: 1
  orthographic size: 5
  m_Depth: -1
  m_CullingMask:
    serializedVersion: 2
    m_Bits: 4294967295
  m_RenderingPath: -1
  m_TargetTexture: {fileID: 0}
  m_TargetDisplay: 0
  m_TargetEye: 0
  m_HDR: 1
  m_AllowMSAA: 0
  m_AllowDynamicResolution: 0
  m_ForceIntoRT: 0
  m_OcclusionCulling: 0
  m_StereoConvergence: 10
  m_StereoSeparation: 0.022
--- !u!4 &519420032
Transform:
  m_ObjectHideFlags: 0
  m_CorrespondingSourceObject: {fileID: 0}
  m_PrefabInstance: {fileID: 0}
  m_PrefabAsset: {fileID: 0}
  m_GameObject: {fileID: 519420028}
  m_LocalRotation: {x: 0, y: 0, z: 0, w: 1}
  m_LocalPosition: {x: 0, y: 0, z: -10}
  m_LocalScale: {x: 1, y: 1, z: 1}
  m_Children: []
  m_Father: {fileID: 0}
  m_RootOrder: 0
  m_LocalEulerAnglesHint: {x: 0, y: 0, z: 0}
--- !u!1 &550382345
GameObject:
  m_ObjectHideFlags: 0
  m_CorrespondingSourceObject: {fileID: 0}
  m_PrefabInstance: {fileID: 0}
  m_PrefabAsset: {fileID: 0}
  serializedVersion: 6
  m_Component:
  - component: {fileID: 550382347}
  - component: {fileID: 550382346}
  m_Layer: 0
  m_Name: SceneLoader
  m_TagString: Untagged
  m_Icon: {fileID: 0}
  m_NavMeshLayer: 0
  m_StaticEditorFlags: 0
  m_IsActive: 1
--- !u!114 &550382346
MonoBehaviour:
  m_ObjectHideFlags: 0
  m_CorrespondingSourceObject: {fileID: 0}
  m_PrefabInstance: {fileID: 0}
  m_PrefabAsset: {fileID: 0}
  m_GameObject: {fileID: 550382345}
  m_Enabled: 1
  m_EditorHideFlags: 0
  m_Script: {fileID: 11500000, guid: fff94b2fe86524cc0b5936b86e11373e, type: 3}
  m_Name: 
  m_EditorClassIdentifier: 
--- !u!4 &550382347
Transform:
  m_ObjectHideFlags: 0
  m_CorrespondingSourceObject: {fileID: 0}
  m_PrefabInstance: {fileID: 0}
  m_PrefabAsset: {fileID: 0}
  m_GameObject: {fileID: 550382345}
  m_LocalRotation: {x: 0, y: 0, z: 0, w: 1}
  m_LocalPosition: {x: 825.25586, y: 454.06317, z: -2920.1282}
  m_LocalScale: {x: 1, y: 1, z: 1}
  m_Children: []
  m_Father: {fileID: 0}
  m_RootOrder: 3
  m_LocalEulerAnglesHint: {x: 0, y: 0, z: 0}
--- !u!1 &717981951
GameObject:
  m_ObjectHideFlags: 0
  m_CorrespondingSourceObject: {fileID: 0}
  m_PrefabInstance: {fileID: 0}
  m_PrefabAsset: {fileID: 0}
  serializedVersion: 6
  m_Component:
  - component: {fileID: 717981954}
  - component: {fileID: 717981953}
  - component: {fileID: 717981952}
  m_Layer: 0
  m_Name: EventSystem
  m_TagString: Untagged
  m_Icon: {fileID: 0}
  m_NavMeshLayer: 0
  m_StaticEditorFlags: 0
  m_IsActive: 1
--- !u!114 &717981952
MonoBehaviour:
  m_ObjectHideFlags: 0
  m_CorrespondingSourceObject: {fileID: 0}
  m_PrefabInstance: {fileID: 0}
  m_PrefabAsset: {fileID: 0}
  m_GameObject: {fileID: 717981951}
  m_Enabled: 1
  m_EditorHideFlags: 0
  m_Script: {fileID: 11500000, guid: 4f231c4fb786f3946a6b90b886c48677, type: 3}
  m_Name: 
  m_EditorClassIdentifier: 
  m_HorizontalAxis: Horizontal
  m_VerticalAxis: Vertical
  m_SubmitButton: Submit
  m_CancelButton: Cancel
  m_InputActionsPerSecond: 10
  m_RepeatDelay: 0.5
  m_ForceModuleActive: 0
--- !u!114 &717981953
MonoBehaviour:
  m_ObjectHideFlags: 0
  m_CorrespondingSourceObject: {fileID: 0}
  m_PrefabInstance: {fileID: 0}
  m_PrefabAsset: {fileID: 0}
  m_GameObject: {fileID: 717981951}
  m_Enabled: 1
  m_EditorHideFlags: 0
  m_Script: {fileID: 11500000, guid: 76c392e42b5098c458856cdf6ecaaaa1, type: 3}
  m_Name: 
  m_EditorClassIdentifier: 
  m_FirstSelected: {fileID: 0}
  m_sendNavigationEvents: 1
  m_DragThreshold: 10
--- !u!4 &717981954
Transform:
  m_ObjectHideFlags: 0
  m_CorrespondingSourceObject: {fileID: 0}
  m_PrefabInstance: {fileID: 0}
  m_PrefabAsset: {fileID: 0}
  m_GameObject: {fileID: 717981951}
  m_LocalRotation: {x: 0, y: 0, z: 0, w: 1}
  m_LocalPosition: {x: 0, y: 0, z: 0}
  m_LocalScale: {x: 1, y: 1, z: 1}
  m_Children: []
  m_Father: {fileID: 0}
  m_RootOrder: 2
  m_LocalEulerAnglesHint: {x: 0, y: 0, z: 0}
--- !u!224 &890210911 stripped
RectTransform:
  m_CorrespondingSourceObject: {fileID: 6549044941298028282, guid: ffcda7ff66d3e40babcc51613cf4173e,
    type: 3}
  m_PrefabInstance: {fileID: 6549044942187840677}
  m_PrefabAsset: {fileID: 0}
--- !u!224 &1069098571 stripped
RectTransform:
  m_CorrespondingSourceObject: {fileID: 8365248223814509887, guid: 604e7f3a0ba864f40a3f3cba764943a1,
    type: 3}
  m_PrefabInstance: {fileID: 8365248224677020532}
  m_PrefabAsset: {fileID: 0}
--- !u!224 &1234681659 stripped
RectTransform:
  m_CorrespondingSourceObject: {fileID: 1466291399891228044, guid: 89dd18ee089c342168cab2638598c14b,
    type: 3}
  m_PrefabInstance: {fileID: 1466291398657288887}
  m_PrefabAsset: {fileID: 0}
--- !u!224 &1416957842 stripped
RectTransform:
  m_CorrespondingSourceObject: {fileID: 6757601634225996330, guid: 4893a7825f6324dfd9f4d897e4a111f2,
    type: 3}
  m_PrefabInstance: {fileID: 6757601635504410040}
  m_PrefabAsset: {fileID: 0}
--- !u!224 &1709561942 stripped
RectTransform:
  m_CorrespondingSourceObject: {fileID: 92223723584617056, guid: 9c745f2565d2347e3ac4aaacd4b3c084,
    type: 3}
  m_PrefabInstance: {fileID: 92223721937969718}
  m_PrefabAsset: {fileID: 0}
--- !u!224 &1734954538 stripped
RectTransform:
  m_CorrespondingSourceObject: {fileID: 8721755997633231217, guid: 9f721e008afaf419bbf3aa31a4027028,
    type: 3}
  m_PrefabInstance: {fileID: 8721755998293260123}
  m_PrefabAsset: {fileID: 0}
--- !u!224 &1735624929 stripped
RectTransform:
  m_CorrespondingSourceObject: {fileID: 2885885397945428924, guid: 9a9855b5c51954f8f8b94646e7c9d6c4,
    type: 3}
  m_PrefabInstance: {fileID: 2885885398372164445}
  m_PrefabAsset: {fileID: 0}
--- !u!1 &1770301371
GameObject:
  m_ObjectHideFlags: 0
  m_CorrespondingSourceObject: {fileID: 0}
  m_PrefabInstance: {fileID: 0}
  m_PrefabAsset: {fileID: 0}
  serializedVersion: 6
  m_Component:
  - component: {fileID: 1770301372}
  - component: {fileID: 1770301374}
  - component: {fileID: 1770301373}
  - component: {fileID: 1770301375}
  m_Layer: 5
  m_Name: Panel
  m_TagString: Untagged
  m_Icon: {fileID: 0}
  m_NavMeshLayer: 0
  m_StaticEditorFlags: 0
  m_IsActive: 1
--- !u!224 &1770301372
RectTransform:
  m_ObjectHideFlags: 0
  m_CorrespondingSourceObject: {fileID: 0}
  m_PrefabInstance: {fileID: 0}
  m_PrefabAsset: {fileID: 0}
  m_GameObject: {fileID: 1770301371}
  m_LocalRotation: {x: 0, y: 0, z: 0, w: 1}
  m_LocalPosition: {x: 0, y: 0, z: 0}
  m_LocalScale: {x: 1, y: 1, z: 1}
  m_Children:
  - {fileID: 1819844848}
  - {fileID: 1735624929}
  - {fileID: 347888702}
  - {fileID: 1069098571}
  - {fileID: 1234681659}
  - {fileID: 1416957842}
  - {fileID: 1709561942}
  - {fileID: 1734954538}
  - {fileID: 890210911}
  - {fileID: 1952683479}
  - {fileID: 1805520494}
  - {fileID: 1975032494}
  m_Father: {fileID: 1925976412}
  m_RootOrder: 0
  m_LocalEulerAnglesHint: {x: 0, y: 0, z: 0}
  m_AnchorMin: {x: 0, y: 0}
  m_AnchorMax: {x: 1, y: 1}
  m_AnchoredPosition: {x: 0, y: 0}
  m_SizeDelta: {x: 0, y: 0}
  m_Pivot: {x: 0.5, y: 0.5}
--- !u!114 &1770301373
MonoBehaviour:
  m_ObjectHideFlags: 0
  m_CorrespondingSourceObject: {fileID: 0}
  m_PrefabInstance: {fileID: 0}
  m_PrefabAsset: {fileID: 0}
  m_GameObject: {fileID: 1770301371}
  m_Enabled: 1
  m_EditorHideFlags: 0
  m_Script: {fileID: 11500000, guid: fe87c0e1cc204ed48ad3b37840f39efc, type: 3}
  m_Name: 
  m_EditorClassIdentifier: 
  m_Material: {fileID: 0}
  m_Color: {r: 1, g: 1, b: 1, a: 1}
  m_RaycastTarget: 1
  m_Maskable: 1
  m_OnCullStateChanged:
    m_PersistentCalls:
      m_Calls: []
  m_Sprite: {fileID: 21300000, guid: 27010d1adac5b4f8fa0bf5d4c18790dd, type: 3}
  m_Type: 0
  m_PreserveAspect: 0
  m_FillCenter: 1
  m_FillMethod: 4
  m_FillAmount: 1
  m_FillClockwise: 1
  m_FillOrigin: 0
  m_UseSpriteMesh: 0
  m_PixelsPerUnitMultiplier: 1
--- !u!222 &1770301374
CanvasRenderer:
  m_ObjectHideFlags: 0
  m_CorrespondingSourceObject: {fileID: 0}
  m_PrefabInstance: {fileID: 0}
  m_PrefabAsset: {fileID: 0}
  m_GameObject: {fileID: 1770301371}
  m_CullTransparentMesh: 0
--- !u!114 &1770301375
MonoBehaviour:
  m_ObjectHideFlags: 0
  m_CorrespondingSourceObject: {fileID: 0}
  m_PrefabInstance: {fileID: 0}
  m_PrefabAsset: {fileID: 0}
  m_GameObject: {fileID: 1770301371}
  m_Enabled: 0
  m_EditorHideFlags: 0
  m_Script: {fileID: 11500000, guid: 8a8695521f0d02e499659fee002a26c2, type: 3}
  m_Name: 
  m_EditorClassIdentifier: 
  m_Padding:
    m_Left: 0
    m_Right: 0
    m_Top: 0
    m_Bottom: 0
  m_ChildAlignment: 4
  m_StartCorner: 0
  m_StartAxis: 0
  m_CellSize: {x: 226, y: 227}
  m_Spacing: {x: 70, y: 70}
  m_Constraint: 2
  m_ConstraintCount: 3
--- !u!224 &1805520494 stripped
RectTransform:
  m_CorrespondingSourceObject: {fileID: 4311279429209624578, guid: 7bcc42758fd604240a75aeee0ef12094,
    type: 3}
  m_PrefabInstance: {fileID: 4311279427488259692}
  m_PrefabAsset: {fileID: 0}
--- !u!224 &1819844848 stripped
RectTransform:
  m_CorrespondingSourceObject: {fileID: 8655448906138744962, guid: 1f526e0f826bd4de085c270a9d2eeb61,
    type: 3}
  m_PrefabInstance: {fileID: 8655448904320014450}
  m_PrefabAsset: {fileID: 0}
--- !u!1 &1925976408
GameObject:
  m_ObjectHideFlags: 0
  m_CorrespondingSourceObject: {fileID: 0}
  m_PrefabInstance: {fileID: 0}
  m_PrefabAsset: {fileID: 0}
  serializedVersion: 6
  m_Component:
  - component: {fileID: 1925976412}
  - component: {fileID: 1925976411}
  - component: {fileID: 1925976410}
  - component: {fileID: 1925976409}
  m_Layer: 5
  m_Name: Canvas
  m_TagString: Untagged
  m_Icon: {fileID: 0}
  m_NavMeshLayer: 0
  m_StaticEditorFlags: 0
  m_IsActive: 1
--- !u!114 &1925976409
MonoBehaviour:
  m_ObjectHideFlags: 0
  m_CorrespondingSourceObject: {fileID: 0}
  m_PrefabInstance: {fileID: 0}
  m_PrefabAsset: {fileID: 0}
  m_GameObject: {fileID: 1925976408}
  m_Enabled: 1
  m_EditorHideFlags: 0
  m_Script: {fileID: 11500000, guid: dc42784cf147c0c48a680349fa168899, type: 3}
  m_Name: 
  m_EditorClassIdentifier: 
  m_IgnoreReversedGraphics: 1
  m_BlockingObjects: 0
  m_BlockingMask:
    serializedVersion: 2
    m_Bits: 4294967295
--- !u!114 &1925976410
MonoBehaviour:
  m_ObjectHideFlags: 0
  m_CorrespondingSourceObject: {fileID: 0}
  m_PrefabInstance: {fileID: 0}
  m_PrefabAsset: {fileID: 0}
  m_GameObject: {fileID: 1925976408}
  m_Enabled: 1
  m_EditorHideFlags: 0
  m_Script: {fileID: 11500000, guid: 0cd44c1031e13a943bb63640046fad76, type: 3}
  m_Name: 
  m_EditorClassIdentifier: 
  m_UiScaleMode: 1
  m_ReferencePixelsPerUnit: 100
  m_ScaleFactor: 1
  m_ReferenceResolution: {x: 1920, y: 1080}
  m_ScreenMatchMode: 0
  m_MatchWidthOrHeight: 0
  m_PhysicalUnit: 3
  m_FallbackScreenDPI: 96
  m_DefaultSpriteDPI: 96
  m_DynamicPixelsPerUnit: 1
--- !u!223 &1925976411
Canvas:
  m_ObjectHideFlags: 0
  m_CorrespondingSourceObject: {fileID: 0}
  m_PrefabInstance: {fileID: 0}
  m_PrefabAsset: {fileID: 0}
  m_GameObject: {fileID: 1925976408}
  m_Enabled: 1
  serializedVersion: 3
  m_RenderMode: 0
  m_Camera: {fileID: 0}
  m_PlaneDistance: 100
  m_PixelPerfect: 0
  m_ReceivesEvents: 1
  m_OverrideSorting: 0
  m_OverridePixelPerfect: 0
  m_SortingBucketNormalizedSize: 0
  m_AdditionalShaderChannelsFlag: 25
  m_SortingLayerID: 0
  m_SortingOrder: 0
  m_TargetDisplay: 0
--- !u!224 &1925976412
RectTransform:
  m_ObjectHideFlags: 0
  m_CorrespondingSourceObject: {fileID: 0}
  m_PrefabInstance: {fileID: 0}
  m_PrefabAsset: {fileID: 0}
  m_GameObject: {fileID: 1925976408}
  m_LocalRotation: {x: 0, y: 0, z: 0, w: 1}
  m_LocalPosition: {x: 0, y: 0, z: 0}
  m_LocalScale: {x: 0, y: 0, z: 0}
  m_Children:
  - {fileID: 1770301372}
  m_Father: {fileID: 0}
  m_RootOrder: 1
  m_LocalEulerAnglesHint: {x: 0, y: 0, z: 0}
  m_AnchorMin: {x: 0, y: 0}
  m_AnchorMax: {x: 0, y: 0}
  m_AnchoredPosition: {x: 0, y: 0}
  m_SizeDelta: {x: 0, y: 0}
  m_Pivot: {x: 0, y: 0}
--- !u!224 &1952683479 stripped
RectTransform:
  m_CorrespondingSourceObject: {fileID: 8793376113587010104, guid: b7ff48720c4ae4086a251e761b09b369,
    type: 3}
  m_PrefabInstance: {fileID: 8793376112309809135}
  m_PrefabAsset: {fileID: 0}
--- !u!224 &1975032494 stripped
RectTransform:
  m_CorrespondingSourceObject: {fileID: 1421403165358783232, guid: a47d2d4b8c6f6410282bec6f2e4dc2c0,
    type: 3}
  m_PrefabInstance: {fileID: 1421403164060148142}
  m_PrefabAsset: {fileID: 0}
--- !u!1001 &92223721937969718
PrefabInstance:
  m_ObjectHideFlags: 0
  serializedVersion: 2
  m_Modification:
    m_TransformParent: {fileID: 1770301372}
    m_Modifications:
    - target: {fileID: 92223723584617056, guid: 9c745f2565d2347e3ac4aaacd4b3c084,
        type: 3}
      propertyPath: m_LocalPosition.x
      value: 0
      objectReference: {fileID: 0}
    - target: {fileID: 92223723584617056, guid: 9c745f2565d2347e3ac4aaacd4b3c084,
        type: 3}
      propertyPath: m_LocalPosition.y
      value: 0
      objectReference: {fileID: 0}
    - target: {fileID: 92223723584617056, guid: 9c745f2565d2347e3ac4aaacd4b3c084,
        type: 3}
      propertyPath: m_LocalPosition.z
      value: 0
      objectReference: {fileID: 0}
    - target: {fileID: 92223723584617056, guid: 9c745f2565d2347e3ac4aaacd4b3c084,
        type: 3}
      propertyPath: m_LocalRotation.x
      value: 0
      objectReference: {fileID: 0}
    - target: {fileID: 92223723584617056, guid: 9c745f2565d2347e3ac4aaacd4b3c084,
        type: 3}
      propertyPath: m_LocalRotation.y
      value: 0
      objectReference: {fileID: 0}
    - target: {fileID: 92223723584617056, guid: 9c745f2565d2347e3ac4aaacd4b3c084,
        type: 3}
      propertyPath: m_LocalRotation.z
      value: 0
      objectReference: {fileID: 0}
    - target: {fileID: 92223723584617056, guid: 9c745f2565d2347e3ac4aaacd4b3c084,
        type: 3}
      propertyPath: m_LocalRotation.w
      value: 1
      objectReference: {fileID: 0}
    - target: {fileID: 92223723584617056, guid: 9c745f2565d2347e3ac4aaacd4b3c084,
        type: 3}
      propertyPath: m_RootOrder
      value: 6
      objectReference: {fileID: 0}
    - target: {fileID: 92223723584617056, guid: 9c745f2565d2347e3ac4aaacd4b3c084,
        type: 3}
      propertyPath: m_LocalEulerAnglesHint.x
      value: 0
      objectReference: {fileID: 0}
    - target: {fileID: 92223723584617056, guid: 9c745f2565d2347e3ac4aaacd4b3c084,
        type: 3}
      propertyPath: m_LocalEulerAnglesHint.y
      value: 0
      objectReference: {fileID: 0}
    - target: {fileID: 92223723584617056, guid: 9c745f2565d2347e3ac4aaacd4b3c084,
        type: 3}
      propertyPath: m_LocalEulerAnglesHint.z
      value: 0
      objectReference: {fileID: 0}
    - target: {fileID: 92223723584617056, guid: 9c745f2565d2347e3ac4aaacd4b3c084,
        type: 3}
      propertyPath: m_AnchoredPosition.x
      value: 1108
      objectReference: {fileID: 0}
    - target: {fileID: 92223723584617056, guid: 9c745f2565d2347e3ac4aaacd4b3c084,
        type: 3}
      propertyPath: m_AnchoredPosition.y
      value: -540.11835
      objectReference: {fileID: 0}
    - target: {fileID: 92223723584617056, guid: 9c745f2565d2347e3ac4aaacd4b3c084,
        type: 3}
      propertyPath: m_SizeDelta.x
      value: 226
      objectReference: {fileID: 0}
    - target: {fileID: 92223723584617056, guid: 9c745f2565d2347e3ac4aaacd4b3c084,
        type: 3}
      propertyPath: m_SizeDelta.y
      value: 227
      objectReference: {fileID: 0}
    - target: {fileID: 92223723584617056, guid: 9c745f2565d2347e3ac4aaacd4b3c084,
        type: 3}
      propertyPath: m_AnchorMin.x
      value: 0
      objectReference: {fileID: 0}
    - target: {fileID: 92223723584617056, guid: 9c745f2565d2347e3ac4aaacd4b3c084,
        type: 3}
      propertyPath: m_AnchorMin.y
      value: 1
      objectReference: {fileID: 0}
    - target: {fileID: 92223723584617056, guid: 9c745f2565d2347e3ac4aaacd4b3c084,
        type: 3}
      propertyPath: m_AnchorMax.x
      value: 0
      objectReference: {fileID: 0}
    - target: {fileID: 92223723584617056, guid: 9c745f2565d2347e3ac4aaacd4b3c084,
        type: 3}
      propertyPath: m_AnchorMax.y
      value: 1
      objectReference: {fileID: 0}
    - target: {fileID: 92223723584617056, guid: 9c745f2565d2347e3ac4aaacd4b3c084,
        type: 3}
      propertyPath: m_Pivot.x
      value: 0.5
      objectReference: {fileID: 0}
    - target: {fileID: 92223723584617056, guid: 9c745f2565d2347e3ac4aaacd4b3c084,
        type: 3}
      propertyPath: m_Pivot.y
      value: 0.5
      objectReference: {fileID: 0}
    - target: {fileID: 92223723584617059, guid: 9c745f2565d2347e3ac4aaacd4b3c084,
        type: 3}
      propertyPath: m_Name
      value: Circle (7)
      objectReference: {fileID: 0}
    m_RemovedComponents: []
  m_SourcePrefab: {fileID: 100100000, guid: 9c745f2565d2347e3ac4aaacd4b3c084, type: 3}
--- !u!1001 &1421403164060148142
PrefabInstance:
  m_ObjectHideFlags: 0
  serializedVersion: 2
  m_Modification:
    m_TransformParent: {fileID: 1770301372}
    m_Modifications:
    - target: {fileID: 1421403165358783232, guid: a47d2d4b8c6f6410282bec6f2e4dc2c0,
        type: 3}
      propertyPath: m_LocalPosition.x
      value: 0
      objectReference: {fileID: 0}
    - target: {fileID: 1421403165358783232, guid: a47d2d4b8c6f6410282bec6f2e4dc2c0,
        type: 3}
      propertyPath: m_LocalPosition.y
      value: 0
      objectReference: {fileID: 0}
    - target: {fileID: 1421403165358783232, guid: a47d2d4b8c6f6410282bec6f2e4dc2c0,
        type: 3}
      propertyPath: m_LocalPosition.z
      value: 0
      objectReference: {fileID: 0}
    - target: {fileID: 1421403165358783232, guid: a47d2d4b8c6f6410282bec6f2e4dc2c0,
        type: 3}
      propertyPath: m_LocalRotation.x
      value: 0
      objectReference: {fileID: 0}
    - target: {fileID: 1421403165358783232, guid: a47d2d4b8c6f6410282bec6f2e4dc2c0,
        type: 3}
      propertyPath: m_LocalRotation.y
      value: 0
      objectReference: {fileID: 0}
    - target: {fileID: 1421403165358783232, guid: a47d2d4b8c6f6410282bec6f2e4dc2c0,
        type: 3}
      propertyPath: m_LocalRotation.z
      value: 0
      objectReference: {fileID: 0}
    - target: {fileID: 1421403165358783232, guid: a47d2d4b8c6f6410282bec6f2e4dc2c0,
        type: 3}
      propertyPath: m_LocalRotation.w
      value: 1
      objectReference: {fileID: 0}
    - target: {fileID: 1421403165358783232, guid: a47d2d4b8c6f6410282bec6f2e4dc2c0,
        type: 3}
      propertyPath: m_RootOrder
      value: 11
      objectReference: {fileID: 0}
    - target: {fileID: 1421403165358783232, guid: a47d2d4b8c6f6410282bec6f2e4dc2c0,
        type: 3}
      propertyPath: m_LocalEulerAnglesHint.x
      value: 0
      objectReference: {fileID: 0}
    - target: {fileID: 1421403165358783232, guid: a47d2d4b8c6f6410282bec6f2e4dc2c0,
        type: 3}
      propertyPath: m_LocalEulerAnglesHint.y
      value: 0
      objectReference: {fileID: 0}
    - target: {fileID: 1421403165358783232, guid: a47d2d4b8c6f6410282bec6f2e4dc2c0,
        type: 3}
      propertyPath: m_LocalEulerAnglesHint.z
      value: 0
      objectReference: {fileID: 0}
    - target: {fileID: 1421403165358783232, guid: a47d2d4b8c6f6410282bec6f2e4dc2c0,
        type: 3}
      propertyPath: m_AnchoredPosition.x
      value: 1404
      objectReference: {fileID: 0}
    - target: {fileID: 1421403165358783232, guid: a47d2d4b8c6f6410282bec6f2e4dc2c0,
        type: 3}
      propertyPath: m_AnchoredPosition.y
      value: -837.11835
      objectReference: {fileID: 0}
    - target: {fileID: 1421403165358783232, guid: a47d2d4b8c6f6410282bec6f2e4dc2c0,
        type: 3}
      propertyPath: m_SizeDelta.x
      value: 226
      objectReference: {fileID: 0}
    - target: {fileID: 1421403165358783232, guid: a47d2d4b8c6f6410282bec6f2e4dc2c0,
        type: 3}
      propertyPath: m_SizeDelta.y
      value: 227
      objectReference: {fileID: 0}
    - target: {fileID: 1421403165358783232, guid: a47d2d4b8c6f6410282bec6f2e4dc2c0,
        type: 3}
      propertyPath: m_AnchorMin.x
      value: 0
      objectReference: {fileID: 0}
    - target: {fileID: 1421403165358783232, guid: a47d2d4b8c6f6410282bec6f2e4dc2c0,
        type: 3}
      propertyPath: m_AnchorMin.y
      value: 1
      objectReference: {fileID: 0}
    - target: {fileID: 1421403165358783232, guid: a47d2d4b8c6f6410282bec6f2e4dc2c0,
        type: 3}
      propertyPath: m_AnchorMax.x
      value: 0
      objectReference: {fileID: 0}
    - target: {fileID: 1421403165358783232, guid: a47d2d4b8c6f6410282bec6f2e4dc2c0,
        type: 3}
      propertyPath: m_AnchorMax.y
      value: 1
      objectReference: {fileID: 0}
    - target: {fileID: 1421403165358783232, guid: a47d2d4b8c6f6410282bec6f2e4dc2c0,
        type: 3}
      propertyPath: m_Pivot.x
      value: 0.5
      objectReference: {fileID: 0}
    - target: {fileID: 1421403165358783232, guid: a47d2d4b8c6f6410282bec6f2e4dc2c0,
        type: 3}
      propertyPath: m_Pivot.y
      value: 0.5
      objectReference: {fileID: 0}
    - target: {fileID: 1421403165358783235, guid: a47d2d4b8c6f6410282bec6f2e4dc2c0,
        type: 3}
      propertyPath: m_Name
      value: Circle (12)
      objectReference: {fileID: 0}
    m_RemovedComponents: []
  m_SourcePrefab: {fileID: 100100000, guid: a47d2d4b8c6f6410282bec6f2e4dc2c0, type: 3}
--- !u!1001 &1466291398657288887
PrefabInstance:
  m_ObjectHideFlags: 0
  serializedVersion: 2
  m_Modification:
    m_TransformParent: {fileID: 1770301372}
    m_Modifications:
    - target: {fileID: 1466291399891228044, guid: 89dd18ee089c342168cab2638598c14b,
        type: 3}
      propertyPath: m_LocalPosition.x
      value: 0
      objectReference: {fileID: 0}
    - target: {fileID: 1466291399891228044, guid: 89dd18ee089c342168cab2638598c14b,
        type: 3}
      propertyPath: m_LocalPosition.y
      value: 0
      objectReference: {fileID: 0}
    - target: {fileID: 1466291399891228044, guid: 89dd18ee089c342168cab2638598c14b,
        type: 3}
      propertyPath: m_LocalPosition.z
      value: 0
      objectReference: {fileID: 0}
    - target: {fileID: 1466291399891228044, guid: 89dd18ee089c342168cab2638598c14b,
        type: 3}
      propertyPath: m_LocalRotation.x
      value: 0
      objectReference: {fileID: 0}
    - target: {fileID: 1466291399891228044, guid: 89dd18ee089c342168cab2638598c14b,
        type: 3}
      propertyPath: m_LocalRotation.y
      value: 0
      objectReference: {fileID: 0}
    - target: {fileID: 1466291399891228044, guid: 89dd18ee089c342168cab2638598c14b,
        type: 3}
      propertyPath: m_LocalRotation.z
      value: 0
      objectReference: {fileID: 0}
    - target: {fileID: 1466291399891228044, guid: 89dd18ee089c342168cab2638598c14b,
        type: 3}
      propertyPath: m_LocalRotation.w
      value: 1
      objectReference: {fileID: 0}
    - target: {fileID: 1466291399891228044, guid: 89dd18ee089c342168cab2638598c14b,
        type: 3}
      propertyPath: m_RootOrder
      value: 4
      objectReference: {fileID: 0}
    - target: {fileID: 1466291399891228044, guid: 89dd18ee089c342168cab2638598c14b,
        type: 3}
      propertyPath: m_LocalEulerAnglesHint.x
      value: 0
      objectReference: {fileID: 0}
    - target: {fileID: 1466291399891228044, guid: 89dd18ee089c342168cab2638598c14b,
        type: 3}
      propertyPath: m_LocalEulerAnglesHint.y
      value: 0
      objectReference: {fileID: 0}
    - target: {fileID: 1466291399891228044, guid: 89dd18ee089c342168cab2638598c14b,
        type: 3}
      propertyPath: m_LocalEulerAnglesHint.z
      value: 0
      objectReference: {fileID: 0}
    - target: {fileID: 1466291399891228044, guid: 89dd18ee089c342168cab2638598c14b,
        type: 3}
      propertyPath: m_AnchoredPosition.x
      value: 516
      objectReference: {fileID: 0}
    - target: {fileID: 1466291399891228044, guid: 89dd18ee089c342168cab2638598c14b,
        type: 3}
      propertyPath: m_AnchoredPosition.y
      value: -540.11835
      objectReference: {fileID: 0}
    - target: {fileID: 1466291399891228044, guid: 89dd18ee089c342168cab2638598c14b,
        type: 3}
      propertyPath: m_SizeDelta.x
      value: 226
      objectReference: {fileID: 0}
    - target: {fileID: 1466291399891228044, guid: 89dd18ee089c342168cab2638598c14b,
        type: 3}
      propertyPath: m_SizeDelta.y
      value: 227
      objectReference: {fileID: 0}
    - target: {fileID: 1466291399891228044, guid: 89dd18ee089c342168cab2638598c14b,
        type: 3}
      propertyPath: m_AnchorMin.x
      value: 0
      objectReference: {fileID: 0}
    - target: {fileID: 1466291399891228044, guid: 89dd18ee089c342168cab2638598c14b,
        type: 3}
      propertyPath: m_AnchorMin.y
      value: 1
      objectReference: {fileID: 0}
    - target: {fileID: 1466291399891228044, guid: 89dd18ee089c342168cab2638598c14b,
        type: 3}
      propertyPath: m_AnchorMax.x
      value: 0
      objectReference: {fileID: 0}
    - target: {fileID: 1466291399891228044, guid: 89dd18ee089c342168cab2638598c14b,
        type: 3}
      propertyPath: m_AnchorMax.y
      value: 1
      objectReference: {fileID: 0}
    - target: {fileID: 1466291399891228044, guid: 89dd18ee089c342168cab2638598c14b,
        type: 3}
      propertyPath: m_Pivot.x
      value: 0.5
      objectReference: {fileID: 0}
    - target: {fileID: 1466291399891228044, guid: 89dd18ee089c342168cab2638598c14b,
        type: 3}
      propertyPath: m_Pivot.y
      value: 0.5
      objectReference: {fileID: 0}
    - target: {fileID: 1466291399891228045, guid: 89dd18ee089c342168cab2638598c14b,
        type: 3}
      propertyPath: m_Name
      value: Circle (5)
      objectReference: {fileID: 0}
    m_RemovedComponents: []
  m_SourcePrefab: {fileID: 100100000, guid: 89dd18ee089c342168cab2638598c14b, type: 3}
--- !u!1001 &2871801024046092039
PrefabInstance:
  m_ObjectHideFlags: 0
  serializedVersion: 2
  m_Modification:
    m_TransformParent: {fileID: 1770301372}
    m_Modifications:
    - target: {fileID: 2871801023702405945, guid: fa5eff6341dc14c01be126948e177175,
        type: 3}
      propertyPath: m_LocalPosition.x
      value: 0
      objectReference: {fileID: 0}
    - target: {fileID: 2871801023702405945, guid: fa5eff6341dc14c01be126948e177175,
        type: 3}
      propertyPath: m_LocalPosition.y
      value: 0
      objectReference: {fileID: 0}
    - target: {fileID: 2871801023702405945, guid: fa5eff6341dc14c01be126948e177175,
        type: 3}
      propertyPath: m_LocalPosition.z
      value: 0
      objectReference: {fileID: 0}
    - target: {fileID: 2871801023702405945, guid: fa5eff6341dc14c01be126948e177175,
        type: 3}
      propertyPath: m_LocalRotation.x
      value: 0
      objectReference: {fileID: 0}
    - target: {fileID: 2871801023702405945, guid: fa5eff6341dc14c01be126948e177175,
        type: 3}
      propertyPath: m_LocalRotation.y
      value: 0
      objectReference: {fileID: 0}
    - target: {fileID: 2871801023702405945, guid: fa5eff6341dc14c01be126948e177175,
        type: 3}
      propertyPath: m_LocalRotation.z
      value: 0
      objectReference: {fileID: 0}
    - target: {fileID: 2871801023702405945, guid: fa5eff6341dc14c01be126948e177175,
        type: 3}
      propertyPath: m_LocalRotation.w
      value: 1
      objectReference: {fileID: 0}
    - target: {fileID: 2871801023702405945, guid: fa5eff6341dc14c01be126948e177175,
        type: 3}
      propertyPath: m_RootOrder
      value: 2
      objectReference: {fileID: 0}
    - target: {fileID: 2871801023702405945, guid: fa5eff6341dc14c01be126948e177175,
        type: 3}
      propertyPath: m_LocalEulerAnglesHint.x
      value: 0
      objectReference: {fileID: 0}
    - target: {fileID: 2871801023702405945, guid: fa5eff6341dc14c01be126948e177175,
        type: 3}
      propertyPath: m_LocalEulerAnglesHint.y
      value: 0
      objectReference: {fileID: 0}
    - target: {fileID: 2871801023702405945, guid: fa5eff6341dc14c01be126948e177175,
        type: 3}
      propertyPath: m_LocalEulerAnglesHint.z
      value: 0
      objectReference: {fileID: 0}
    - target: {fileID: 2871801023702405945, guid: fa5eff6341dc14c01be126948e177175,
        type: 3}
      propertyPath: m_AnchoredPosition.x
      value: 1108
      objectReference: {fileID: 0}
    - target: {fileID: 2871801023702405945, guid: fa5eff6341dc14c01be126948e177175,
        type: 3}
      propertyPath: m_AnchoredPosition.y
      value: -243.11835
      objectReference: {fileID: 0}
    - target: {fileID: 2871801023702405945, guid: fa5eff6341dc14c01be126948e177175,
        type: 3}
      propertyPath: m_SizeDelta.x
      value: 226
      objectReference: {fileID: 0}
    - target: {fileID: 2871801023702405945, guid: fa5eff6341dc14c01be126948e177175,
        type: 3}
      propertyPath: m_SizeDelta.y
      value: 227
      objectReference: {fileID: 0}
    - target: {fileID: 2871801023702405945, guid: fa5eff6341dc14c01be126948e177175,
        type: 3}
      propertyPath: m_AnchorMin.x
      value: 0
      objectReference: {fileID: 0}
    - target: {fileID: 2871801023702405945, guid: fa5eff6341dc14c01be126948e177175,
        type: 3}
      propertyPath: m_AnchorMin.y
      value: 1
      objectReference: {fileID: 0}
    - target: {fileID: 2871801023702405945, guid: fa5eff6341dc14c01be126948e177175,
        type: 3}
      propertyPath: m_AnchorMax.x
      value: 0
      objectReference: {fileID: 0}
    - target: {fileID: 2871801023702405945, guid: fa5eff6341dc14c01be126948e177175,
        type: 3}
      propertyPath: m_AnchorMax.y
      value: 1
      objectReference: {fileID: 0}
    - target: {fileID: 2871801023702405945, guid: fa5eff6341dc14c01be126948e177175,
        type: 3}
      propertyPath: m_Pivot.x
      value: 0.5
      objectReference: {fileID: 0}
    - target: {fileID: 2871801023702405945, guid: fa5eff6341dc14c01be126948e177175,
        type: 3}
      propertyPath: m_Pivot.y
      value: 0.5
      objectReference: {fileID: 0}
    - target: {fileID: 2871801023702405946, guid: fa5eff6341dc14c01be126948e177175,
        type: 3}
      propertyPath: m_Name
      value: Circle (3)
      objectReference: {fileID: 0}
    m_RemovedComponents: []
  m_SourcePrefab: {fileID: 100100000, guid: fa5eff6341dc14c01be126948e177175, type: 3}
--- !u!1001 &2885885398372164445
PrefabInstance:
  m_ObjectHideFlags: 0
  serializedVersion: 2
  m_Modification:
    m_TransformParent: {fileID: 1770301372}
    m_Modifications:
    - target: {fileID: 2885885397945428924, guid: 9a9855b5c51954f8f8b94646e7c9d6c4,
        type: 3}
      propertyPath: m_LocalPosition.x
      value: 0
      objectReference: {fileID: 0}
    - target: {fileID: 2885885397945428924, guid: 9a9855b5c51954f8f8b94646e7c9d6c4,
        type: 3}
      propertyPath: m_LocalPosition.y
      value: 0
      objectReference: {fileID: 0}
    - target: {fileID: 2885885397945428924, guid: 9a9855b5c51954f8f8b94646e7c9d6c4,
        type: 3}
      propertyPath: m_LocalPosition.z
      value: 0
      objectReference: {fileID: 0}
    - target: {fileID: 2885885397945428924, guid: 9a9855b5c51954f8f8b94646e7c9d6c4,
        type: 3}
      propertyPath: m_LocalRotation.x
      value: 0
      objectReference: {fileID: 0}
    - target: {fileID: 2885885397945428924, guid: 9a9855b5c51954f8f8b94646e7c9d6c4,
        type: 3}
      propertyPath: m_LocalRotation.y
      value: 0
      objectReference: {fileID: 0}
    - target: {fileID: 2885885397945428924, guid: 9a9855b5c51954f8f8b94646e7c9d6c4,
        type: 3}
      propertyPath: m_LocalRotation.z
      value: 0
      objectReference: {fileID: 0}
    - target: {fileID: 2885885397945428924, guid: 9a9855b5c51954f8f8b94646e7c9d6c4,
        type: 3}
      propertyPath: m_LocalRotation.w
      value: 1
      objectReference: {fileID: 0}
    - target: {fileID: 2885885397945428924, guid: 9a9855b5c51954f8f8b94646e7c9d6c4,
        type: 3}
      propertyPath: m_RootOrder
      value: 1
      objectReference: {fileID: 0}
    - target: {fileID: 2885885397945428924, guid: 9a9855b5c51954f8f8b94646e7c9d6c4,
        type: 3}
      propertyPath: m_LocalEulerAnglesHint.x
      value: 0
      objectReference: {fileID: 0}
    - target: {fileID: 2885885397945428924, guid: 9a9855b5c51954f8f8b94646e7c9d6c4,
        type: 3}
      propertyPath: m_LocalEulerAnglesHint.y
      value: 0
      objectReference: {fileID: 0}
    - target: {fileID: 2885885397945428924, guid: 9a9855b5c51954f8f8b94646e7c9d6c4,
        type: 3}
      propertyPath: m_LocalEulerAnglesHint.z
      value: 0
      objectReference: {fileID: 0}
    - target: {fileID: 2885885397945428924, guid: 9a9855b5c51954f8f8b94646e7c9d6c4,
        type: 3}
      propertyPath: m_AnchoredPosition.x
      value: 812
      objectReference: {fileID: 0}
    - target: {fileID: 2885885397945428924, guid: 9a9855b5c51954f8f8b94646e7c9d6c4,
        type: 3}
      propertyPath: m_AnchoredPosition.y
      value: -243.11835
      objectReference: {fileID: 0}
    - target: {fileID: 2885885397945428924, guid: 9a9855b5c51954f8f8b94646e7c9d6c4,
        type: 3}
      propertyPath: m_SizeDelta.x
      value: 226
      objectReference: {fileID: 0}
    - target: {fileID: 2885885397945428924, guid: 9a9855b5c51954f8f8b94646e7c9d6c4,
        type: 3}
      propertyPath: m_SizeDelta.y
      value: 227
      objectReference: {fileID: 0}
    - target: {fileID: 2885885397945428924, guid: 9a9855b5c51954f8f8b94646e7c9d6c4,
        type: 3}
      propertyPath: m_AnchorMin.x
      value: 0
      objectReference: {fileID: 0}
    - target: {fileID: 2885885397945428924, guid: 9a9855b5c51954f8f8b94646e7c9d6c4,
        type: 3}
      propertyPath: m_AnchorMin.y
      value: 1
      objectReference: {fileID: 0}
    - target: {fileID: 2885885397945428924, guid: 9a9855b5c51954f8f8b94646e7c9d6c4,
        type: 3}
      propertyPath: m_AnchorMax.x
      value: 0
      objectReference: {fileID: 0}
    - target: {fileID: 2885885397945428924, guid: 9a9855b5c51954f8f8b94646e7c9d6c4,
        type: 3}
      propertyPath: m_AnchorMax.y
      value: 1
      objectReference: {fileID: 0}
    - target: {fileID: 2885885397945428924, guid: 9a9855b5c51954f8f8b94646e7c9d6c4,
        type: 3}
      propertyPath: m_Pivot.x
      value: 0.5
      objectReference: {fileID: 0}
    - target: {fileID: 2885885397945428924, guid: 9a9855b5c51954f8f8b94646e7c9d6c4,
        type: 3}
      propertyPath: m_Pivot.y
      value: 0.5
      objectReference: {fileID: 0}
    - target: {fileID: 2885885397945428925, guid: 9a9855b5c51954f8f8b94646e7c9d6c4,
        type: 3}
      propertyPath: m_Name
      value: Circle (2)
      objectReference: {fileID: 0}
    m_RemovedComponents: []
  m_SourcePrefab: {fileID: 100100000, guid: 9a9855b5c51954f8f8b94646e7c9d6c4, type: 3}
--- !u!1001 &4311279427488259692
PrefabInstance:
  m_ObjectHideFlags: 0
  serializedVersion: 2
  m_Modification:
    m_TransformParent: {fileID: 1770301372}
    m_Modifications:
    - target: {fileID: 4311279429209624577, guid: 7bcc42758fd604240a75aeee0ef12094,
        type: 3}
      propertyPath: m_Name
      value: Circle (11)
      objectReference: {fileID: 0}
    - target: {fileID: 4311279429209624578, guid: 7bcc42758fd604240a75aeee0ef12094,
        type: 3}
      propertyPath: m_LocalPosition.x
      value: 0
      objectReference: {fileID: 0}
    - target: {fileID: 4311279429209624578, guid: 7bcc42758fd604240a75aeee0ef12094,
        type: 3}
      propertyPath: m_LocalPosition.y
      value: 0
      objectReference: {fileID: 0}
    - target: {fileID: 4311279429209624578, guid: 7bcc42758fd604240a75aeee0ef12094,
        type: 3}
      propertyPath: m_LocalPosition.z
      value: 0
      objectReference: {fileID: 0}
    - target: {fileID: 4311279429209624578, guid: 7bcc42758fd604240a75aeee0ef12094,
        type: 3}
      propertyPath: m_LocalRotation.x
      value: 0
      objectReference: {fileID: 0}
    - target: {fileID: 4311279429209624578, guid: 7bcc42758fd604240a75aeee0ef12094,
        type: 3}
      propertyPath: m_LocalRotation.y
      value: 0
      objectReference: {fileID: 0}
    - target: {fileID: 4311279429209624578, guid: 7bcc42758fd604240a75aeee0ef12094,
        type: 3}
      propertyPath: m_LocalRotation.z
      value: 0
      objectReference: {fileID: 0}
    - target: {fileID: 4311279429209624578, guid: 7bcc42758fd604240a75aeee0ef12094,
        type: 3}
      propertyPath: m_LocalRotation.w
      value: 1
      objectReference: {fileID: 0}
    - target: {fileID: 4311279429209624578, guid: 7bcc42758fd604240a75aeee0ef12094,
        type: 3}
      propertyPath: m_RootOrder
      value: 10
      objectReference: {fileID: 0}
    - target: {fileID: 4311279429209624578, guid: 7bcc42758fd604240a75aeee0ef12094,
        type: 3}
      propertyPath: m_LocalEulerAnglesHint.x
      value: 0
      objectReference: {fileID: 0}
    - target: {fileID: 4311279429209624578, guid: 7bcc42758fd604240a75aeee0ef12094,
        type: 3}
      propertyPath: m_LocalEulerAnglesHint.y
      value: 0
      objectReference: {fileID: 0}
    - target: {fileID: 4311279429209624578, guid: 7bcc42758fd604240a75aeee0ef12094,
        type: 3}
      propertyPath: m_LocalEulerAnglesHint.z
      value: 0
      objectReference: {fileID: 0}
    - target: {fileID: 4311279429209624578, guid: 7bcc42758fd604240a75aeee0ef12094,
        type: 3}
      propertyPath: m_AnchoredPosition.x
      value: 1108
      objectReference: {fileID: 0}
    - target: {fileID: 4311279429209624578, guid: 7bcc42758fd604240a75aeee0ef12094,
        type: 3}
      propertyPath: m_AnchoredPosition.y
      value: -837.11835
      objectReference: {fileID: 0}
    - target: {fileID: 4311279429209624578, guid: 7bcc42758fd604240a75aeee0ef12094,
        type: 3}
      propertyPath: m_SizeDelta.x
      value: 226
      objectReference: {fileID: 0}
    - target: {fileID: 4311279429209624578, guid: 7bcc42758fd604240a75aeee0ef12094,
        type: 3}
      propertyPath: m_SizeDelta.y
      value: 227
      objectReference: {fileID: 0}
    - target: {fileID: 4311279429209624578, guid: 7bcc42758fd604240a75aeee0ef12094,
        type: 3}
      propertyPath: m_AnchorMin.x
      value: 0
      objectReference: {fileID: 0}
    - target: {fileID: 4311279429209624578, guid: 7bcc42758fd604240a75aeee0ef12094,
        type: 3}
      propertyPath: m_AnchorMin.y
      value: 1
      objectReference: {fileID: 0}
    - target: {fileID: 4311279429209624578, guid: 7bcc42758fd604240a75aeee0ef12094,
        type: 3}
      propertyPath: m_AnchorMax.x
      value: 0
      objectReference: {fileID: 0}
    - target: {fileID: 4311279429209624578, guid: 7bcc42758fd604240a75aeee0ef12094,
        type: 3}
      propertyPath: m_AnchorMax.y
      value: 1
      objectReference: {fileID: 0}
    - target: {fileID: 4311279429209624578, guid: 7bcc42758fd604240a75aeee0ef12094,
        type: 3}
      propertyPath: m_Pivot.x
      value: 0.5
      objectReference: {fileID: 0}
    - target: {fileID: 4311279429209624578, guid: 7bcc42758fd604240a75aeee0ef12094,
        type: 3}
      propertyPath: m_Pivot.y
      value: 0.5
      objectReference: {fileID: 0}
    m_RemovedComponents: []
  m_SourcePrefab: {fileID: 100100000, guid: 7bcc42758fd604240a75aeee0ef12094, type: 3}
--- !u!1001 &6549044942187840677
PrefabInstance:
  m_ObjectHideFlags: 0
  serializedVersion: 2
  m_Modification:
    m_TransformParent: {fileID: 1770301372}
    m_Modifications:
    - target: {fileID: 6549044941298028282, guid: ffcda7ff66d3e40babcc51613cf4173e,
        type: 3}
      propertyPath: m_LocalPosition.x
      value: 0
      objectReference: {fileID: 0}
    - target: {fileID: 6549044941298028282, guid: ffcda7ff66d3e40babcc51613cf4173e,
        type: 3}
      propertyPath: m_LocalPosition.y
      value: 0
      objectReference: {fileID: 0}
    - target: {fileID: 6549044941298028282, guid: ffcda7ff66d3e40babcc51613cf4173e,
        type: 3}
      propertyPath: m_LocalPosition.z
      value: 0
      objectReference: {fileID: 0}
    - target: {fileID: 6549044941298028282, guid: ffcda7ff66d3e40babcc51613cf4173e,
        type: 3}
      propertyPath: m_LocalRotation.x
      value: 0
      objectReference: {fileID: 0}
    - target: {fileID: 6549044941298028282, guid: ffcda7ff66d3e40babcc51613cf4173e,
        type: 3}
      propertyPath: m_LocalRotation.y
      value: 0
      objectReference: {fileID: 0}
    - target: {fileID: 6549044941298028282, guid: ffcda7ff66d3e40babcc51613cf4173e,
        type: 3}
      propertyPath: m_LocalRotation.z
      value: 0
      objectReference: {fileID: 0}
    - target: {fileID: 6549044941298028282, guid: ffcda7ff66d3e40babcc51613cf4173e,
        type: 3}
      propertyPath: m_LocalRotation.w
      value: 1
      objectReference: {fileID: 0}
    - target: {fileID: 6549044941298028282, guid: ffcda7ff66d3e40babcc51613cf4173e,
        type: 3}
      propertyPath: m_RootOrder
      value: 8
      objectReference: {fileID: 0}
    - target: {fileID: 6549044941298028282, guid: ffcda7ff66d3e40babcc51613cf4173e,
        type: 3}
      propertyPath: m_LocalEulerAnglesHint.x
      value: 0
      objectReference: {fileID: 0}
    - target: {fileID: 6549044941298028282, guid: ffcda7ff66d3e40babcc51613cf4173e,
        type: 3}
      propertyPath: m_LocalEulerAnglesHint.y
      value: 0
      objectReference: {fileID: 0}
    - target: {fileID: 6549044941298028282, guid: ffcda7ff66d3e40babcc51613cf4173e,
        type: 3}
      propertyPath: m_LocalEulerAnglesHint.z
      value: 0
      objectReference: {fileID: 0}
    - target: {fileID: 6549044941298028282, guid: ffcda7ff66d3e40babcc51613cf4173e,
        type: 3}
      propertyPath: m_AnchoredPosition.x
      value: 516
      objectReference: {fileID: 0}
    - target: {fileID: 6549044941298028282, guid: ffcda7ff66d3e40babcc51613cf4173e,
        type: 3}
      propertyPath: m_AnchoredPosition.y
      value: -837.11835
      objectReference: {fileID: 0}
    - target: {fileID: 6549044941298028282, guid: ffcda7ff66d3e40babcc51613cf4173e,
        type: 3}
      propertyPath: m_SizeDelta.x
      value: 226
      objectReference: {fileID: 0}
    - target: {fileID: 6549044941298028282, guid: ffcda7ff66d3e40babcc51613cf4173e,
        type: 3}
      propertyPath: m_SizeDelta.y
      value: 227
      objectReference: {fileID: 0}
    - target: {fileID: 6549044941298028282, guid: ffcda7ff66d3e40babcc51613cf4173e,
        type: 3}
      propertyPath: m_AnchorMin.x
      value: 0
      objectReference: {fileID: 0}
    - target: {fileID: 6549044941298028282, guid: ffcda7ff66d3e40babcc51613cf4173e,
        type: 3}
      propertyPath: m_AnchorMin.y
      value: 1
      objectReference: {fileID: 0}
    - target: {fileID: 6549044941298028282, guid: ffcda7ff66d3e40babcc51613cf4173e,
        type: 3}
      propertyPath: m_AnchorMax.x
      value: 0
      objectReference: {fileID: 0}
    - target: {fileID: 6549044941298028282, guid: ffcda7ff66d3e40babcc51613cf4173e,
        type: 3}
      propertyPath: m_AnchorMax.y
      value: 1
      objectReference: {fileID: 0}
    - target: {fileID: 6549044941298028282, guid: ffcda7ff66d3e40babcc51613cf4173e,
        type: 3}
      propertyPath: m_Pivot.x
      value: 0.5
      objectReference: {fileID: 0}
    - target: {fileID: 6549044941298028282, guid: ffcda7ff66d3e40babcc51613cf4173e,
        type: 3}
      propertyPath: m_Pivot.y
      value: 0.5
      objectReference: {fileID: 0}
    - target: {fileID: 6549044941298028283, guid: ffcda7ff66d3e40babcc51613cf4173e,
        type: 3}
      propertyPath: m_Name
      value: Circle (9)
      objectReference: {fileID: 0}
    m_RemovedComponents: []
  m_SourcePrefab: {fileID: 100100000, guid: ffcda7ff66d3e40babcc51613cf4173e, type: 3}
--- !u!1001 &6757601635504410040
PrefabInstance:
  m_ObjectHideFlags: 0
  serializedVersion: 2
  m_Modification:
    m_TransformParent: {fileID: 1770301372}
    m_Modifications:
    - target: {fileID: 6757601634225996329, guid: 4893a7825f6324dfd9f4d897e4a111f2,
        type: 3}
      propertyPath: m_Name
      value: Circle (6)
      objectReference: {fileID: 0}
    - target: {fileID: 6757601634225996330, guid: 4893a7825f6324dfd9f4d897e4a111f2,
        type: 3}
      propertyPath: m_LocalPosition.x
      value: 0
      objectReference: {fileID: 0}
    - target: {fileID: 6757601634225996330, guid: 4893a7825f6324dfd9f4d897e4a111f2,
        type: 3}
      propertyPath: m_LocalPosition.y
      value: 0
      objectReference: {fileID: 0}
    - target: {fileID: 6757601634225996330, guid: 4893a7825f6324dfd9f4d897e4a111f2,
        type: 3}
      propertyPath: m_LocalPosition.z
      value: 0
      objectReference: {fileID: 0}
    - target: {fileID: 6757601634225996330, guid: 4893a7825f6324dfd9f4d897e4a111f2,
        type: 3}
      propertyPath: m_LocalRotation.x
      value: 0
      objectReference: {fileID: 0}
    - target: {fileID: 6757601634225996330, guid: 4893a7825f6324dfd9f4d897e4a111f2,
        type: 3}
      propertyPath: m_LocalRotation.y
      value: 0
      objectReference: {fileID: 0}
    - target: {fileID: 6757601634225996330, guid: 4893a7825f6324dfd9f4d897e4a111f2,
        type: 3}
      propertyPath: m_LocalRotation.z
      value: 0
      objectReference: {fileID: 0}
    - target: {fileID: 6757601634225996330, guid: 4893a7825f6324dfd9f4d897e4a111f2,
        type: 3}
      propertyPath: m_LocalRotation.w
      value: 1
      objectReference: {fileID: 0}
    - target: {fileID: 6757601634225996330, guid: 4893a7825f6324dfd9f4d897e4a111f2,
        type: 3}
      propertyPath: m_RootOrder
      value: 5
      objectReference: {fileID: 0}
    - target: {fileID: 6757601634225996330, guid: 4893a7825f6324dfd9f4d897e4a111f2,
        type: 3}
      propertyPath: m_LocalEulerAnglesHint.x
      value: 0
      objectReference: {fileID: 0}
    - target: {fileID: 6757601634225996330, guid: 4893a7825f6324dfd9f4d897e4a111f2,
        type: 3}
      propertyPath: m_LocalEulerAnglesHint.y
      value: 0
      objectReference: {fileID: 0}
    - target: {fileID: 6757601634225996330, guid: 4893a7825f6324dfd9f4d897e4a111f2,
        type: 3}
      propertyPath: m_LocalEulerAnglesHint.z
      value: 0
      objectReference: {fileID: 0}
    - target: {fileID: 6757601634225996330, guid: 4893a7825f6324dfd9f4d897e4a111f2,
        type: 3}
      propertyPath: m_AnchoredPosition.x
      value: 812
      objectReference: {fileID: 0}
    - target: {fileID: 6757601634225996330, guid: 4893a7825f6324dfd9f4d897e4a111f2,
        type: 3}
      propertyPath: m_AnchoredPosition.y
      value: -540.11835
      objectReference: {fileID: 0}
    - target: {fileID: 6757601634225996330, guid: 4893a7825f6324dfd9f4d897e4a111f2,
        type: 3}
      propertyPath: m_SizeDelta.x
      value: 226
      objectReference: {fileID: 0}
    - target: {fileID: 6757601634225996330, guid: 4893a7825f6324dfd9f4d897e4a111f2,
        type: 3}
      propertyPath: m_SizeDelta.y
      value: 227
      objectReference: {fileID: 0}
    - target: {fileID: 6757601634225996330, guid: 4893a7825f6324dfd9f4d897e4a111f2,
        type: 3}
      propertyPath: m_AnchorMin.x
      value: 0
      objectReference: {fileID: 0}
    - target: {fileID: 6757601634225996330, guid: 4893a7825f6324dfd9f4d897e4a111f2,
        type: 3}
      propertyPath: m_AnchorMin.y
      value: 1
      objectReference: {fileID: 0}
    - target: {fileID: 6757601634225996330, guid: 4893a7825f6324dfd9f4d897e4a111f2,
        type: 3}
      propertyPath: m_AnchorMax.x
      value: 0
      objectReference: {fileID: 0}
    - target: {fileID: 6757601634225996330, guid: 4893a7825f6324dfd9f4d897e4a111f2,
        type: 3}
      propertyPath: m_AnchorMax.y
      value: 1
      objectReference: {fileID: 0}
    - target: {fileID: 6757601634225996330, guid: 4893a7825f6324dfd9f4d897e4a111f2,
        type: 3}
      propertyPath: m_Pivot.x
      value: 0.5
      objectReference: {fileID: 0}
    - target: {fileID: 6757601634225996330, guid: 4893a7825f6324dfd9f4d897e4a111f2,
        type: 3}
      propertyPath: m_Pivot.y
      value: 0.5
      objectReference: {fileID: 0}
    m_RemovedComponents: []
  m_SourcePrefab: {fileID: 100100000, guid: 4893a7825f6324dfd9f4d897e4a111f2, type: 3}
--- !u!1001 &8365248224677020532
PrefabInstance:
  m_ObjectHideFlags: 0
  serializedVersion: 2
  m_Modification:
    m_TransformParent: {fileID: 1770301372}
    m_Modifications:
    - target: {fileID: 8365248223814509886, guid: 604e7f3a0ba864f40a3f3cba764943a1,
        type: 3}
      propertyPath: m_Name
      value: Circle (4)
      objectReference: {fileID: 0}
    - target: {fileID: 8365248223814509887, guid: 604e7f3a0ba864f40a3f3cba764943a1,
        type: 3}
      propertyPath: m_LocalPosition.x
      value: 0
      objectReference: {fileID: 0}
    - target: {fileID: 8365248223814509887, guid: 604e7f3a0ba864f40a3f3cba764943a1,
        type: 3}
      propertyPath: m_LocalPosition.y
      value: 0
      objectReference: {fileID: 0}
    - target: {fileID: 8365248223814509887, guid: 604e7f3a0ba864f40a3f3cba764943a1,
        type: 3}
      propertyPath: m_LocalPosition.z
      value: 0
      objectReference: {fileID: 0}
    - target: {fileID: 8365248223814509887, guid: 604e7f3a0ba864f40a3f3cba764943a1,
        type: 3}
      propertyPath: m_LocalRotation.x
      value: 0
      objectReference: {fileID: 0}
    - target: {fileID: 8365248223814509887, guid: 604e7f3a0ba864f40a3f3cba764943a1,
        type: 3}
      propertyPath: m_LocalRotation.y
      value: 0
      objectReference: {fileID: 0}
    - target: {fileID: 8365248223814509887, guid: 604e7f3a0ba864f40a3f3cba764943a1,
        type: 3}
      propertyPath: m_LocalRotation.z
      value: 0
      objectReference: {fileID: 0}
    - target: {fileID: 8365248223814509887, guid: 604e7f3a0ba864f40a3f3cba764943a1,
        type: 3}
      propertyPath: m_LocalRotation.w
      value: 1
      objectReference: {fileID: 0}
    - target: {fileID: 8365248223814509887, guid: 604e7f3a0ba864f40a3f3cba764943a1,
        type: 3}
      propertyPath: m_RootOrder
      value: 3
      objectReference: {fileID: 0}
    - target: {fileID: 8365248223814509887, guid: 604e7f3a0ba864f40a3f3cba764943a1,
        type: 3}
      propertyPath: m_LocalEulerAnglesHint.x
      value: 0
      objectReference: {fileID: 0}
    - target: {fileID: 8365248223814509887, guid: 604e7f3a0ba864f40a3f3cba764943a1,
        type: 3}
      propertyPath: m_LocalEulerAnglesHint.y
      value: 0
      objectReference: {fileID: 0}
    - target: {fileID: 8365248223814509887, guid: 604e7f3a0ba864f40a3f3cba764943a1,
        type: 3}
      propertyPath: m_LocalEulerAnglesHint.z
      value: 0
      objectReference: {fileID: 0}
    - target: {fileID: 8365248223814509887, guid: 604e7f3a0ba864f40a3f3cba764943a1,
        type: 3}
      propertyPath: m_AnchoredPosition.x
      value: 1404
      objectReference: {fileID: 0}
    - target: {fileID: 8365248223814509887, guid: 604e7f3a0ba864f40a3f3cba764943a1,
        type: 3}
      propertyPath: m_AnchoredPosition.y
      value: -243.11835
      objectReference: {fileID: 0}
    - target: {fileID: 8365248223814509887, guid: 604e7f3a0ba864f40a3f3cba764943a1,
        type: 3}
      propertyPath: m_SizeDelta.x
      value: 226
      objectReference: {fileID: 0}
    - target: {fileID: 8365248223814509887, guid: 604e7f3a0ba864f40a3f3cba764943a1,
        type: 3}
      propertyPath: m_SizeDelta.y
      value: 227
      objectReference: {fileID: 0}
    - target: {fileID: 8365248223814509887, guid: 604e7f3a0ba864f40a3f3cba764943a1,
        type: 3}
      propertyPath: m_AnchorMin.x
      value: 0
      objectReference: {fileID: 0}
    - target: {fileID: 8365248223814509887, guid: 604e7f3a0ba864f40a3f3cba764943a1,
        type: 3}
      propertyPath: m_AnchorMin.y
      value: 1
      objectReference: {fileID: 0}
    - target: {fileID: 8365248223814509887, guid: 604e7f3a0ba864f40a3f3cba764943a1,
        type: 3}
      propertyPath: m_AnchorMax.x
      value: 0
      objectReference: {fileID: 0}
    - target: {fileID: 8365248223814509887, guid: 604e7f3a0ba864f40a3f3cba764943a1,
        type: 3}
      propertyPath: m_AnchorMax.y
      value: 1
      objectReference: {fileID: 0}
    - target: {fileID: 8365248223814509887, guid: 604e7f3a0ba864f40a3f3cba764943a1,
        type: 3}
      propertyPath: m_Pivot.x
      value: 0.5
      objectReference: {fileID: 0}
    - target: {fileID: 8365248223814509887, guid: 604e7f3a0ba864f40a3f3cba764943a1,
        type: 3}
      propertyPath: m_Pivot.y
      value: 0.5
      objectReference: {fileID: 0}
    m_RemovedComponents: []
  m_SourcePrefab: {fileID: 100100000, guid: 604e7f3a0ba864f40a3f3cba764943a1, type: 3}
--- !u!1001 &8655448904320014450
PrefabInstance:
  m_ObjectHideFlags: 0
  serializedVersion: 2
  m_Modification:
    m_TransformParent: {fileID: 1770301372}
    m_Modifications:
    - target: {fileID: 8655448906138744962, guid: 1f526e0f826bd4de085c270a9d2eeb61,
        type: 3}
      propertyPath: m_LocalPosition.x
      value: 0
      objectReference: {fileID: 0}
    - target: {fileID: 8655448906138744962, guid: 1f526e0f826bd4de085c270a9d2eeb61,
        type: 3}
      propertyPath: m_LocalPosition.y
      value: 0
      objectReference: {fileID: 0}
    - target: {fileID: 8655448906138744962, guid: 1f526e0f826bd4de085c270a9d2eeb61,
        type: 3}
      propertyPath: m_LocalPosition.z
      value: 0
      objectReference: {fileID: 0}
    - target: {fileID: 8655448906138744962, guid: 1f526e0f826bd4de085c270a9d2eeb61,
        type: 3}
      propertyPath: m_LocalRotation.x
      value: 0
      objectReference: {fileID: 0}
    - target: {fileID: 8655448906138744962, guid: 1f526e0f826bd4de085c270a9d2eeb61,
        type: 3}
      propertyPath: m_LocalRotation.y
      value: 0
      objectReference: {fileID: 0}
    - target: {fileID: 8655448906138744962, guid: 1f526e0f826bd4de085c270a9d2eeb61,
        type: 3}
      propertyPath: m_LocalRotation.z
      value: 0
      objectReference: {fileID: 0}
    - target: {fileID: 8655448906138744962, guid: 1f526e0f826bd4de085c270a9d2eeb61,
        type: 3}
      propertyPath: m_LocalRotation.w
      value: 1
      objectReference: {fileID: 0}
    - target: {fileID: 8655448906138744962, guid: 1f526e0f826bd4de085c270a9d2eeb61,
        type: 3}
      propertyPath: m_RootOrder
      value: 0
      objectReference: {fileID: 0}
    - target: {fileID: 8655448906138744962, guid: 1f526e0f826bd4de085c270a9d2eeb61,
        type: 3}
      propertyPath: m_LocalEulerAnglesHint.x
      value: 0
      objectReference: {fileID: 0}
    - target: {fileID: 8655448906138744962, guid: 1f526e0f826bd4de085c270a9d2eeb61,
        type: 3}
      propertyPath: m_LocalEulerAnglesHint.y
      value: 0
      objectReference: {fileID: 0}
    - target: {fileID: 8655448906138744962, guid: 1f526e0f826bd4de085c270a9d2eeb61,
        type: 3}
      propertyPath: m_LocalEulerAnglesHint.z
      value: 0
      objectReference: {fileID: 0}
    - target: {fileID: 8655448906138744962, guid: 1f526e0f826bd4de085c270a9d2eeb61,
        type: 3}
      propertyPath: m_AnchoredPosition.x
      value: 516
      objectReference: {fileID: 0}
    - target: {fileID: 8655448906138744962, guid: 1f526e0f826bd4de085c270a9d2eeb61,
        type: 3}
      propertyPath: m_AnchoredPosition.y
      value: -243.11835
      objectReference: {fileID: 0}
    - target: {fileID: 8655448906138744962, guid: 1f526e0f826bd4de085c270a9d2eeb61,
        type: 3}
      propertyPath: m_SizeDelta.x
      value: 226
      objectReference: {fileID: 0}
    - target: {fileID: 8655448906138744962, guid: 1f526e0f826bd4de085c270a9d2eeb61,
        type: 3}
      propertyPath: m_SizeDelta.y
      value: 227
      objectReference: {fileID: 0}
    - target: {fileID: 8655448906138744962, guid: 1f526e0f826bd4de085c270a9d2eeb61,
        type: 3}
      propertyPath: m_AnchorMin.x
      value: 0
      objectReference: {fileID: 0}
    - target: {fileID: 8655448906138744962, guid: 1f526e0f826bd4de085c270a9d2eeb61,
        type: 3}
      propertyPath: m_AnchorMin.y
      value: 1
      objectReference: {fileID: 0}
    - target: {fileID: 8655448906138744962, guid: 1f526e0f826bd4de085c270a9d2eeb61,
        type: 3}
      propertyPath: m_AnchorMax.x
      value: 0
      objectReference: {fileID: 0}
    - target: {fileID: 8655448906138744962, guid: 1f526e0f826bd4de085c270a9d2eeb61,
        type: 3}
      propertyPath: m_AnchorMax.y
      value: 1
      objectReference: {fileID: 0}
    - target: {fileID: 8655448906138744962, guid: 1f526e0f826bd4de085c270a9d2eeb61,
        type: 3}
      propertyPath: m_Pivot.x
      value: 0.5
      objectReference: {fileID: 0}
    - target: {fileID: 8655448906138744962, guid: 1f526e0f826bd4de085c270a9d2eeb61,
        type: 3}
      propertyPath: m_Pivot.y
      value: 0.5
      objectReference: {fileID: 0}
    - target: {fileID: 8655448906138744989, guid: 1f526e0f826bd4de085c270a9d2eeb61,
        type: 3}
      propertyPath: m_Name
      value: Circle (1)
      objectReference: {fileID: 0}
    m_RemovedComponents: []
  m_SourcePrefab: {fileID: 100100000, guid: 1f526e0f826bd4de085c270a9d2eeb61, type: 3}
--- !u!1001 &8721755998293260123
PrefabInstance:
  m_ObjectHideFlags: 0
  serializedVersion: 2
  m_Modification:
    m_TransformParent: {fileID: 1770301372}
    m_Modifications:
    - target: {fileID: 8721755997633231217, guid: 9f721e008afaf419bbf3aa31a4027028,
        type: 3}
      propertyPath: m_LocalPosition.x
      value: 0
      objectReference: {fileID: 0}
    - target: {fileID: 8721755997633231217, guid: 9f721e008afaf419bbf3aa31a4027028,
        type: 3}
      propertyPath: m_LocalPosition.y
      value: 0
      objectReference: {fileID: 0}
    - target: {fileID: 8721755997633231217, guid: 9f721e008afaf419bbf3aa31a4027028,
        type: 3}
      propertyPath: m_LocalPosition.z
      value: 0
      objectReference: {fileID: 0}
    - target: {fileID: 8721755997633231217, guid: 9f721e008afaf419bbf3aa31a4027028,
        type: 3}
      propertyPath: m_LocalRotation.x
      value: 0
      objectReference: {fileID: 0}
    - target: {fileID: 8721755997633231217, guid: 9f721e008afaf419bbf3aa31a4027028,
        type: 3}
      propertyPath: m_LocalRotation.y
      value: 0
      objectReference: {fileID: 0}
    - target: {fileID: 8721755997633231217, guid: 9f721e008afaf419bbf3aa31a4027028,
        type: 3}
      propertyPath: m_LocalRotation.z
      value: 0
      objectReference: {fileID: 0}
    - target: {fileID: 8721755997633231217, guid: 9f721e008afaf419bbf3aa31a4027028,
        type: 3}
      propertyPath: m_LocalRotation.w
      value: 1
      objectReference: {fileID: 0}
    - target: {fileID: 8721755997633231217, guid: 9f721e008afaf419bbf3aa31a4027028,
        type: 3}
      propertyPath: m_RootOrder
      value: 7
      objectReference: {fileID: 0}
    - target: {fileID: 8721755997633231217, guid: 9f721e008afaf419bbf3aa31a4027028,
        type: 3}
      propertyPath: m_LocalEulerAnglesHint.x
      value: 0
      objectReference: {fileID: 0}
    - target: {fileID: 8721755997633231217, guid: 9f721e008afaf419bbf3aa31a4027028,
        type: 3}
      propertyPath: m_LocalEulerAnglesHint.y
      value: 0
      objectReference: {fileID: 0}
    - target: {fileID: 8721755997633231217, guid: 9f721e008afaf419bbf3aa31a4027028,
        type: 3}
      propertyPath: m_LocalEulerAnglesHint.z
      value: 0
      objectReference: {fileID: 0}
    - target: {fileID: 8721755997633231217, guid: 9f721e008afaf419bbf3aa31a4027028,
        type: 3}
      propertyPath: m_AnchoredPosition.x
      value: 1404
      objectReference: {fileID: 0}
    - target: {fileID: 8721755997633231217, guid: 9f721e008afaf419bbf3aa31a4027028,
        type: 3}
      propertyPath: m_AnchoredPosition.y
      value: -540.11835
      objectReference: {fileID: 0}
    - target: {fileID: 8721755997633231217, guid: 9f721e008afaf419bbf3aa31a4027028,
        type: 3}
      propertyPath: m_SizeDelta.x
      value: 226
      objectReference: {fileID: 0}
    - target: {fileID: 8721755997633231217, guid: 9f721e008afaf419bbf3aa31a4027028,
        type: 3}
      propertyPath: m_SizeDelta.y
      value: 227
      objectReference: {fileID: 0}
    - target: {fileID: 8721755997633231217, guid: 9f721e008afaf419bbf3aa31a4027028,
        type: 3}
      propertyPath: m_AnchorMin.x
      value: 0
      objectReference: {fileID: 0}
    - target: {fileID: 8721755997633231217, guid: 9f721e008afaf419bbf3aa31a4027028,
        type: 3}
      propertyPath: m_AnchorMin.y
      value: 1
      objectReference: {fileID: 0}
    - target: {fileID: 8721755997633231217, guid: 9f721e008afaf419bbf3aa31a4027028,
        type: 3}
      propertyPath: m_AnchorMax.x
      value: 0
      objectReference: {fileID: 0}
    - target: {fileID: 8721755997633231217, guid: 9f721e008afaf419bbf3aa31a4027028,
        type: 3}
      propertyPath: m_AnchorMax.y
      value: 1
      objectReference: {fileID: 0}
    - target: {fileID: 8721755997633231217, guid: 9f721e008afaf419bbf3aa31a4027028,
        type: 3}
      propertyPath: m_Pivot.x
      value: 0.5
      objectReference: {fileID: 0}
    - target: {fileID: 8721755997633231217, guid: 9f721e008afaf419bbf3aa31a4027028,
        type: 3}
      propertyPath: m_Pivot.y
      value: 0.5
      objectReference: {fileID: 0}
    - target: {fileID: 8721755997633231218, guid: 9f721e008afaf419bbf3aa31a4027028,
        type: 3}
      propertyPath: m_Name
      value: Circle (8)
      objectReference: {fileID: 0}
    m_RemovedComponents: []
  m_SourcePrefab: {fileID: 100100000, guid: 9f721e008afaf419bbf3aa31a4027028, type: 3}
--- !u!1001 &8793376112309809135
PrefabInstance:
  m_ObjectHideFlags: 0
  serializedVersion: 2
  m_Modification:
    m_TransformParent: {fileID: 1770301372}
    m_Modifications:
    - target: {fileID: 8793376113587010104, guid: b7ff48720c4ae4086a251e761b09b369,
        type: 3}
      propertyPath: m_LocalPosition.x
      value: 0
      objectReference: {fileID: 0}
    - target: {fileID: 8793376113587010104, guid: b7ff48720c4ae4086a251e761b09b369,
        type: 3}
      propertyPath: m_LocalPosition.y
      value: 0
      objectReference: {fileID: 0}
    - target: {fileID: 8793376113587010104, guid: b7ff48720c4ae4086a251e761b09b369,
        type: 3}
      propertyPath: m_LocalPosition.z
      value: 0
      objectReference: {fileID: 0}
    - target: {fileID: 8793376113587010104, guid: b7ff48720c4ae4086a251e761b09b369,
        type: 3}
      propertyPath: m_LocalRotation.x
      value: 0
      objectReference: {fileID: 0}
    - target: {fileID: 8793376113587010104, guid: b7ff48720c4ae4086a251e761b09b369,
        type: 3}
      propertyPath: m_LocalRotation.y
      value: 0
      objectReference: {fileID: 0}
    - target: {fileID: 8793376113587010104, guid: b7ff48720c4ae4086a251e761b09b369,
        type: 3}
      propertyPath: m_LocalRotation.z
      value: 0
      objectReference: {fileID: 0}
    - target: {fileID: 8793376113587010104, guid: b7ff48720c4ae4086a251e761b09b369,
        type: 3}
      propertyPath: m_LocalRotation.w
      value: 1
      objectReference: {fileID: 0}
    - target: {fileID: 8793376113587010104, guid: b7ff48720c4ae4086a251e761b09b369,
        type: 3}
      propertyPath: m_RootOrder
      value: 9
      objectReference: {fileID: 0}
    - target: {fileID: 8793376113587010104, guid: b7ff48720c4ae4086a251e761b09b369,
        type: 3}
      propertyPath: m_LocalEulerAnglesHint.x
      value: 0
      objectReference: {fileID: 0}
    - target: {fileID: 8793376113587010104, guid: b7ff48720c4ae4086a251e761b09b369,
        type: 3}
      propertyPath: m_LocalEulerAnglesHint.y
      value: 0
      objectReference: {fileID: 0}
    - target: {fileID: 8793376113587010104, guid: b7ff48720c4ae4086a251e761b09b369,
        type: 3}
      propertyPath: m_LocalEulerAnglesHint.z
      value: 0
      objectReference: {fileID: 0}
    - target: {fileID: 8793376113587010104, guid: b7ff48720c4ae4086a251e761b09b369,
        type: 3}
      propertyPath: m_AnchoredPosition.x
      value: 812
      objectReference: {fileID: 0}
    - target: {fileID: 8793376113587010104, guid: b7ff48720c4ae4086a251e761b09b369,
        type: 3}
      propertyPath: m_AnchoredPosition.y
      value: -837.11835
      objectReference: {fileID: 0}
    - target: {fileID: 8793376113587010104, guid: b7ff48720c4ae4086a251e761b09b369,
        type: 3}
      propertyPath: m_SizeDelta.x
      value: 226
      objectReference: {fileID: 0}
    - target: {fileID: 8793376113587010104, guid: b7ff48720c4ae4086a251e761b09b369,
        type: 3}
      propertyPath: m_SizeDelta.y
      value: 227
      objectReference: {fileID: 0}
    - target: {fileID: 8793376113587010104, guid: b7ff48720c4ae4086a251e761b09b369,
        type: 3}
      propertyPath: m_AnchorMin.x
      value: 0
      objectReference: {fileID: 0}
    - target: {fileID: 8793376113587010104, guid: b7ff48720c4ae4086a251e761b09b369,
        type: 3}
      propertyPath: m_AnchorMin.y
      value: 1
      objectReference: {fileID: 0}
    - target: {fileID: 8793376113587010104, guid: b7ff48720c4ae4086a251e761b09b369,
        type: 3}
      propertyPath: m_AnchorMax.x
      value: 0
      objectReference: {fileID: 0}
    - target: {fileID: 8793376113587010104, guid: b7ff48720c4ae4086a251e761b09b369,
        type: 3}
      propertyPath: m_AnchorMax.y
      value: 1
      objectReference: {fileID: 0}
    - target: {fileID: 8793376113587010104, guid: b7ff48720c4ae4086a251e761b09b369,
        type: 3}
      propertyPath: m_Pivot.x
      value: 0.5
      objectReference: {fileID: 0}
    - target: {fileID: 8793376113587010104, guid: b7ff48720c4ae4086a251e761b09b369,
        type: 3}
      propertyPath: m_Pivot.y
      value: 0.5
      objectReference: {fileID: 0}
    - target: {fileID: 8793376113587010105, guid: b7ff48720c4ae4086a251e761b09b369,
        type: 3}
      propertyPath: m_Name
      value: Circle (10)
      objectReference: {fileID: 0}
    m_RemovedComponents: []
  m_SourcePrefab: {fileID: 100100000, guid: b7ff48720c4ae4086a251e761b09b369, type: 3}
